2004 3094
278 153 306 191 8

272 295 437 332 possum
460 282 471 336 Η
498 283 729 336 ophites
770 296 824 323 ss.
855 283 991 337 lapis,
1033 284 1210 333 sequitur
1243 284 1400 334 glossa,
1442 296 1560 334 quom
1600 297 1735 325 eruere
1772 298 1850 326 non

274 362 440 397 possum
458 349 469 402 ΙΙ
490 350 569 388 715
599 349 817 388 harenis
847 363 898 389 ss.
932 354 1000 388 est
1029 355 1162 389 natus
1193 349 1257 388 ibi
1276 348 1287 392 ΙΙ
1307 340 1386 389 716
1415 355 1675 389 cerastae
1701 351 1844 401 glossa,

278 427 395 465 quam
425 415 550 465 leqere
584 427 662 455 non
688 428 850 465 possum
875 413 886 468 ΙΙ
913 415 993 455 720
1031 415 1293 455 volucres
1332 427 1383 455 ss.
1424 428 1496 455 vox
1532 415 1645 455 hodie
1679 428 1847 466 prorsus

277 481 447 519 evanida
461 479 471 533 Η
488 481 567 519 723
607 495 732 533 seps
764 494 816 520 ss.
848 490 870 519 e
901 484 1039 531 (=est
1077 485 1118 519 ut
1146 482 1315 531 videtur)
1334 480 1348 533 ΙΙ
1367 481 1446 520 726
1475 485 1530 519 et
1559 494 1612 521 ss.
1643 481 1848 530 111011728

278 559 301 585 0
331 558 383 585 ss.
416 549 506 585 ante
549 544 960 589 draconesll730
1002 546 1191 586 secuti
1231 559 1283 586 ss.
1315 559 1390 586 vos
1415 545 1425 589 Η
1455 546 1531 586 731
1572 546 1845 600 rumpitis

277 623 329 650 ss.
361 611 459 651 illos
474 610 485 664 Η

410 741 583 781 Accedo
623 741 679 780 ad
720 741 1014 780 definiendam
1059 741 1362 793 cognationem
1410 741 1650 793 fragmenti
1692 740 1846 782 Cracc-

278 806 453 846 viensis.
499 807 707 853 Quaestio
752 807 879 857 haec,
922 811 971 846 ut
1010 807 1054 845 in
1098 808 1350 846 universum
1389 808 1686 858 quaestiones,
1735 821 1845 858 quae

278 871 333 910 ad
366 871 673 923 cognationem
704 872 901 912 codicum
934 873 1100 913 Lucani
1138 873 1379 927 pertinent,
1414 872 1569 919 ,multis
1611 872 1846 913 difficulta-

279 938 398 976 tibus
431 938 659 977 obstructa
691 943 779 988 est,
821 939 865 977 id
908 940 1022 990 quod
1065 940 1134 978 vel
1176 953 1228 977 ex
1270 953 1318 978 eo
1360 939 1606 978 luculenter
1649 943 1848 992 apparet,

278 1003 391 1054 quod
440 1008 648 1055 quattuor
684 1004 898 1055 virorum,
943 1004 1019 1056 qui
1053 1006 1103 1044 de
1140 1005 1305 1044 Lucani
1347 1005 1570 1045 codicibus
1610 1004 1847 1045 novissimo

277 1068 487 1108 decennio
518 1075 702 1120 egerunt
734 1069 931 1117 (Hosius,
963 1069 1116 1121 Lejay,
1148 1070 1390 1119 Francken,
1422 1070 1554 1119 Beck)
1586 1069 1698 1108 alius
1716 1069 1846 1108 aliter

278 1133 330 1172 de
361 1147 509 1173 eorum
541 1134 804 1185 cognatione
836 1134 1005 1173 iudicat
1037 1134 1231 1186 aliasque
1263 1134 1461 1174 codicum
1487 1135 1649 1188 stirpes
1670 1134 1844 1173 statuit.

278 1197 490 1237 Constare
521 1199 730 1237 videntur
760 1200 1065 1238 tantummodo
1097 1200 1225 1238 haec:
1260 1202 1295 1237 1.
1327 1200 1435 1237 duas
1466 1199 1730 1248 minimum¹)
1751 1212 1844 1237 esse

278 1263 439 1302 classes
471 1264 670 1302 codicum
700 1264 890 1314 Lucani,
920 1264 1078 1302 harum
1100 1265 1285 1302 alteram
1307 1278 1399 1302 esse.
1421 1262 1667 1314 Paulinam,
1698 1264 1736 1302 2.
1757 1277 1844 1302 ma-

276 1329 383 1367 ximi
415 1329 548 1382 pretii
579 1343 670 1368 esse
703 1329 896 1369 codices:
928 1329 1363 1382 Montepessulanum
1395 1330 1485 1379 (M),
1517 1329 1779 1369 Vossianum
1810 1329 1844 1368 I.

276 1394 372 1444 (V),
416 1394 834 1433 Andethannensem
882 1395 1014 1433 10314
1059 1396 1091 1433 Z
1135 1396 1220 1444 (Vel
1267 1395 1730 1449 Ashburnhamensem
1776 1394 1845 1445 A),

276 1459 532 1498 Parisinum
564 1461 669 1498 7502
701 1461 787 1510 (P),
830 1460 1015 1510 denique
1047 1460 1239 1499 codicem
1275 1460 1460 1499 mixtum
1491 1460 1754 1499 Vossianum
1784 1461 1842 1499 II.

277 1524 376 1575 (U).
418 1524 582 1563 Tamen
614 1530 658 1563 et
689 1525 741 1563 de
772 1525 840 1563 his
882 1525 1104 1564 codicibus
1147 1539 1410 1578 magnopere
1442 1525 1556 1563 inter
1587 1539 1630 1564 se
1661 1525 1747 1564 viri
1777 1525 1843 1564 illi

278 1589 551 1640 discordant,
584 1591 839 1642 praecipue,
872 1604 969 1629 cum
1005 1591 1057 1629 de
1094 1591 1353 1641 cognatione
1384 1604 1533 1629 eorum
1567 1591 1728 1641 agitur.
1766 1590 1843 1630 Co-

278 1654 361 1693 dex
401 1654 835 1694 Ashburnhaniensis
877 1655 948 1703 (A)
994 1669 1018 1693 a
1059 1655 1314 1695 Franckeno
1359 1654 1513 1709 (praef.
1553 1656 1672 1704 edit.)
1704 1655 1843 1694 eidem

279 1720 349 1758 cui
380 1721 445 1769 M,
491 1734 515 1758 a
553 1720 719 1771 Lejayo
755 1721 939 1769 (Lucani
975 1721 1086 1759 liber
1121 1721 1177 1769 1.,
1220 1720 1399 1758 Parisiis
1436 1721 1556 1768 1894)
1596 1725 1640 1758 et
1685 1720 1843 1759 Beckio

276 1784 406 1824 alteri
446 1785 575 1824 classi
616 1786 945 1825 adnumeratur.
992 1785 1195 1825 Codicem
1226 1785 1487 1825 Vossianum
1528 1786 1549 1824 I
1590 1785 1662 1835 (V)
1702 1785 1842 1837 Lejay

276 1863 373 1888 cum
404 1851 448 1888 M
479 1856 715 1902 cognatum
747 1865 838 1888 esse
872 1856 1023 1903 putat,
1065 1850 1225 1888 Hosius
1267 1856 1310 1888 et
1341 1851 1571 1889 Francken
1602 1865 1701 1889 cum
1732 1851 1842 1889 alte-

275 1914 365 1954 rius
396 1915 549 1954 classis
580 1915 705 1954 libris
738 1915 984 1954 consentire
1017 1915 1261 1965 affirmant,
1292 1915 1410 1954 Beck
1442 1915 1705 1968 peculiarem
1735 1916 1842 1954 clas-

276 1993 366 2018 sem
397 1979 569 2018 efficere
601 1981 756 2019 credit.
788 1981 921 2018 Plane
953 1981 1103 2018 eadem
1135 1981 1454 2019 sententiarum
1475 1981 1670 2019 varietas
1693 1981 1842 2033 depre-

275 2044 497 2094 henditur,
538 2060 635 2084 cum
667 2045 894 2098 opiniones
935 2046 985 2083 de
1027 2046 1173 2084 codice
1204 2046 1511 2085 Gemblacensi
1542 2046 1613 2094 (G)
1643 2046 1842 2098 prolatas

276 2123 579 2162 comparamus
621 2110 786 2162 (Lejay
827 2124 924 2149 eum
965 2125 1061 2149 cum
1102 2112 1164 2160 M,
1208 2111 1366 2150 Hosius
1408 2118 1453 2149 et
1484 2111 1713 2149 Francken
1744 2124 1841 2150 cum

275 2176 415 2214 altera
447 2177 583 2215 classe
614 2177 865 2229 conspirare
898 2177 1101 2225 credunt,
1132 2176 1250 2214 Beck
1281 2177 1366 2215 alio
1397 2177 1523 2215 modo
1554 2190 1653 2215 cum
1683 2176 1840 2214 ceteris

275 2246 512 2293 cognatum
544 2256 635 2281 esse
667 2241 891 2291 affirmat).
921 2242 1071 2293 Neque
1103 2241 1232 2280 aliter
1261 2255 1351 2280 rem
1379 2255 1422 2280 se
1444 2241 1603 2280 habere
1629 2242 1841 2292 videmus,

277 2322 373 2346 cum
397 2309 639 2347 sententias
658 2308 831 2347 illorum
848 2308 1042 2347 virorum
1060 2308 1114 2345 ad
1136 2308 1327 2346 codicem
1348 2308 1610 2346 Bernensem
1634 2308 1699 2356 (B)
1722 2320 1841 2360 spec-

276 2377 423 2411 tantes
455 2373 801 2412 consideramus:
844 2373 898 2412 ab
930 2373 1064 2412 Hosio
1105 2377 1148 2411 et
1189 2373 1443 2412 Franckeno
1473 2373 1509 2410 B
1539 2373 1679 2411 eidem
1710 2378 1841 2423 atque

275 2438 331 2488 M,
363 2453 387 2477 a
419 2439 587 2490 Lejayo
619 2444 662 2478 et
694 2439 854 2478 Beckio
887 2439 1017 2477 alteri
1048 2439 1177 2478 classi
1209 2439 1482 2490 adiungitur.
1515 2439 1599 2478 Sed
1630 2453 1682 2477 ne
1715 2440 1759 2477 in
1790 2451 1839 2476 ea

276 2504 452 2554 quidem
484 2505 738 2555 quaestione
774 2504 856 2543 viri
889 2504 1005 2543 docti
1038 2504 1154 2543 inter
1184 2518 1227 2543 se
1251 2505 1544 2554 consentiunt,
1576 2504 1750 2543 cuinam
1773 2517 1838 2542 co-

277 2570 422 2609 dicum
453 2571 622 2610 Lucani
653 2572 799 2624 palma
818 2571 876 2609 sit
897 2570 1143 2620 tribuenda,
1175 2570 1334 2610 Hosius
1355 2570 1470 2609 enim
1493 2575 1537 2609 et
1557 2570 1837 2609 Franckenus

412 2658 434 2698 ¹)
459 2657 556 2688 Beck
579 2656 933 2698 (Fntersuchungen
959 2667 1002 2687 zu
1028 2655 1098 2687 den
1123 2656 1423 2688 Handschriften
1447 2657 1605 2696 Lucans,
1632 2656 1741 2696 Diss.‚
1766 2655 1841 2686 Mo-

275 2713 358 2744 naci
385 2712 481 2753 15:00)
507 2716 583 2743 tres
609 2712 750 2743 classes
777 2712 926 2742 statuit.
