2004 3094
1720 205 1746 242 3
1803 199 1806 203 .

180 341 281 380 dem
309 349 514 377 versuum
543 348 773 374 numerum
803 335 983 374 exhibet
1017 335 1248 376 exterioris
1288 335 1569 374 membranae
1598 335 1671 375 fol.
1706 338 1746 374 1*

166 404 342 456 (fol-,1¹
370 400 570 441 continet
599 414 831 440 numerum
860 414 946 440 uno
976 414 1107 440 versu
1136 401 1372 451 minorem),
1404 401 1450 440 in
1480 401 1650 440 duabus
1681 401 1747 440 ul-

182 468 301 509 timis
340 466 470 506 huius
510 465 788 504 membranae
829 465 1000 517 paginis
1043 478 1247 504 numerus
1290 479 1495 505 versuum
1540 466 1636 505 ideo
1680 469 1747 504 est

182 534 318 574 multo
347 531 489 570 minor
519 529 670 580 solito,
712 529 826 580 quod
857 529 1111 569 membrana
1142 530 1204 569 ibi
1234 534 1353 581 tum,
1384 545 1482 570 cum
1512 531 1648 570 codex
1678 531 1748 569 de—

183 596 471 645 scribebatur,
503 595 672 634 duobus
704 594 810 634 locis
841 594 1064 647 perforata
1094 599 1203 634 erat.

313 660 521 712 Singulae
552 659 741 712 paginae
761 663 865 698 sunt
886 659 1012 699 hodie
1033 661 1113 699 210
1124 674 1223 699 mm.
1254 661 1372 709 (olim
1402 662 1618 700 220-*230
1629 663 1746 707 mm.)

182 728 322 776 altae,
379 720 708 765 ‘147-150mm,
763 724 894 764 latae.
939 724 1126 765 Inferior
1168 739 1318 776 margo
1362 730 1428 764 est
1471 726 1745 765 33—36mm.

183 792 352 843 Margo,
398 804 423 829 a
460 790 614 831 dextra
646 792 832 840 (rectae,
863 789 1041 829 sinistra
1071 804 1220 829 versae
1252 791 1457 844 paginae)
1487 805 1652 830 vacuus
1681 805 1747 830 re·

184 858 344 906 lictus,
375 858 442 894 est
471 856 635 894 32—34
647 869 762 906 mm,
800 856 903 895 olim
941 859 1087 895 tamen
1117 855 1207 894 fuit
1238 856 1434 908 amplior,
1476 857 1520 895 id
1552 857 1665 907 quod
1696 870 1760 898 ex.

182 921 318 961 variis
358 920 623 960 lectionibus
668 920 712 959 in
756 934 805 959 eo
851 918 1064 971 exaratis,
1106 934 1221 959 nunc
1262 920 1549 971 circumcisis,
1591 911 1749 961 elucet.

182 987 234 1026 In
264 985 484 1038 superiore
514 984 780 1038 paginarum
812 989 938 1038 parte
967 985 1113 1024 nullus
1144 990 1239 1024 erat
1269 1000 1433 1036 margo.

314 1049 512 1103 Scriptus
543 1054 610 1088 est
640 1050 776 1089 codex
805 1064 935 1089 manu
966 1050 1170 1102 eleganti.
1202 1050 1369 1089 Eadem
1399 1064 1552 1089 manus
1583 1050 1748 1090 scholia

187 1116 311 1169 parvi
341 1116 476 1168 pretii
507 1116 622 1154 inter
652 1129 803 1169 versus
834 1116 1008 1155 adiecit.
1041 1115 1189 1154 Codex
1220 1120 1426 1154 exaratus
1467 1129 1558 1153 esse
1590 1115 1753 1154 dicitur

187 1194 298 1220 saec.
330 1180 436 1230 XII,
468 1193 547 1232 ego
579 1184 725 1219 tamen
754 1180 1040 1220 vetustiorem
1070 1195 1169 1220 eum
1213 1194 1306 1219 esse
1349 1181 1476 1220 credo
1506 1185 1550 1219 et
1580 1180 1752 1220 saeculo

186 1246 369 1284 X—XI.
411 1246 570 1285 tribuo.
600 1247 731 1284 ‘Rem
775 1246 851 1284 alii
893 1247 1032 1297 magis
1077 1260 1207 1296 quam
1253 1259 1332 1296 ego
1381 1240 1754 1297 palaeographiae

187 1309 352 1348 latinae
383 1310 518 1363 periti
548 1310 805 1363 disceptent.
856 1300 1013 1351 Forma
1057 1311 1306 1349 litterarum
1350 1324 1448 1349 cum
1491 1310 1754 1350 Terentiano

187 1374 400 1413 Basilicae
432 1375 472 1413 S.
503 1375 623 1413 Petri
651 1375 693 1413 H
719 1376 765 1414 19
796 1379 921 1424 (saec.
952 1376 1025 1426 X),
1057 1375 1278 1414 Ciceronis
1299 1375 1586 1413 Verrinarum
1616 1375 1753 1414 Paris.

189 1439 294 1478 7776
325 1442 452 1489 (saec.
483 1439 583 1491 XI),
616 1440 668 1479 de
700 1440 897 1480 amicitia
926 1440 1061 1480 Paris.
1093 1441 1193 1487 544,
1239 1441 1359 1491 aliis,
1402 1441 1589 1492 quodam
1630 1441 1756 1481 modo

186 1506 392 1543 convenit
423 1505 693 1554 (Chatelain,
725 1506 1041 1558 Paleographie
1073 1506 1148 1544 des
1179 1506 1414 1556 classiques
1442 1506 1575 1545 latins
1596 1506 1669 1544 Nr.
1695 1508 1757 1556 10,

198 1570 262 1619 31,
291 1571 374 1618 41).
405 1570 457 1609 In
487 1570 774 1619 membranis,
815 1584 925 1621 quae
956 1570 1084 1609 hodie
1121 1570 1347 1609 Lucanum
1378 1571 1627 1621 continent,
1669 1570 1757 1609 fuit

198 1634 298 1672 olim
328 1635 440 1673 alius
471 1640 644 1685 textus,
690 1649 821 1674 manu
851 1636 1066 1686 eleganti,
1110 1635 1272 1674 litteris
1303 1635 1507 1687 speciosis
1539 1640 1755 1682 exaratus,

197 1699 319 1738 cuius
349 1700 478 1739 hodie
508 1701 659 1739 tenuia
689 1700 877 1751 vestigia
908 1704 1147 1753 apparent,
1179 1700 1243 1739 ita
1265 1705 1314 1739 ut
1335 1701 1470 1740 codex
1501 1699 1758 1740 Cracovien-

196 1765 254 1804 sis
284 1766 510 1818 rescriptis
542 1766 893 1805 adnumerandus
923 1766 991 1804 sit.

328 1895 640 1946 Collationem,
670 1910 800 1947 quam
831 1896 944 1935 infra
982 1887 1198 1949 propono,
1231 1897 1403 1935 institui
1434 1897 1488 1935 ad
1520 1897 1757 1936 editionem

198 1962 321 2001 Hosii
362 1963 555 2015 (Lipsiae
597 1963 730 2013 1892).
762 1963 814 2001 In
845 1963 1105 2013 cognatione
1145 1963 1304 2002 codicis
1346 1962 1594 2001 definienda
1635 1962 1758 2003 adhi-

198 2027 272 2067 bui
316 2033 491 2081 praeter
547 2032 813 2081 apparatum
856 2028 981 2068 Hosii
1023 2028 1158 2067 etiam
1203 2032 1466 2081 apparatum
1511 2028 1758 2066 Franckeni

194 2093 419 2144 (Lugduni
449 2094 716 2133 Batavorum
749 2094 852 2132 1896
884 2098 927 2131 et
960 2093 1092 2143 1897).
1124 2093 1399 2132 Varietatem
1430 2093 1630 2132 lectionis
1663 2107 1759 2146 pro-

199 2171 309 2209 pono
340 2158 624 2209 integram1),
673 2158 807 2196 etiam
842 2158 979 2209 igitur
1013 2172 1131 2208 eam,
1172 2172 1281 2209 quae
1312 2159 1367 2196 ad
1398 2158 1760 2210 orthographiam

193 2227 379 2274 spectat,
410 2237 458 2262 eo
490 2224 644 2262 ductus
676 2223 867 2273 consilio,
898 2227 960 2273 ut,
991 2223 1028 2261 si
1057 2223 1102 2261 in
1133 2224 1279 2274 aliqua
1301 2222 1567 2262 bibliotheca
1589 2223 1759 2274 reliqua

198 2301 297 2339 pars
342 2288 502 2327 codicis
547 2287 847 2328 Cracoviensis
891 2288 1053 2338 lateat,
1114 2289 1357 2341 discerptae
1406 2293 1555 2340 partes
1585 2288 1759 2327 facilius

196 2359 503 2403 agnoscantur.
546 2354 611 2391 Ne
642 2353 914 2392 tamenrviri
957 2353 1094 2403 docti,
1137 2354 1212 2404 qui
1251 2354 1362 2391 hanc
1405 2353 1684 2392 collationem
1716 2353 1761 2391 in

196 2480 304 2514 huius
327 2482 558 2515 membranae
580 2482 625 2525 (3,
648 2483 679 2520 4,
704 2482 738 2525 5)
760 2481 931 2514 exhibent
954 2491 1078 2514 versus
1094 2482 1147 2513 29.
1172 2481 1413 2514 Confirmatur
1436 2481 1503 2513 hoc
1526 2492 1577 2523 eo,
1594 2482 1687 2523 quod
1703 2481 1762 2515 Cr.

197 2533 306 2567 habet
329 2537 441 2569 etiam
463 2547 605 2569 versum
632 2536 706 2578 615,
724 2546 830 2578 quem
853 2536 998 2578 plurimi
1014 2535 1099 2568 libri
1113 2537 1291 2568 omittunt
1314 2534 1644 2578 (ABEGMNPTZ),
1661 2546 1759 2577 prae·

197 2593 295 2623 terea
318 2590 412 2633 quod
436 2590 580 2624 exhibet
603 2601 729 2623 versus
752 2590 937 2632 684-687,
961 2591 1021 2632 qui
1044 2591 1084 2622 in
1107 2590 1138 2622 G
1154 2590 1296 2632 desunt,
1318 2591 1372 2622 ita.
1389 2594 1431 2622 ut
1447 2589 1606 2623 codicem
1622 2590 1677 2623 Cr.
1696 2601 1755 2623 me

193 2644 266 2676 rito
288 2646 333 2678 iis
357 2645 539 2679 codicibus
563 2645 801 2678 adnumerare
825 2647 1022 2688 possimus,
1047 2647 1109 2687 qui
1132 2646 1342 2688 ampliorem
1373 2646 1545 2678 versuum
1567 2655 1760 2678 numerum

196 2697 365 2732 habeant.

331 2755 355 2798 ¹)
379 2756 423 2788 Id
446 2755 542 2797 quod
565 2756 778 2788 Passowicz
802 2755 924 2787 facere
948 2755 1088 2787 omisit.

1609 2808 1631 2830 >te
