2004 3094
288 152 338 189 14

413 281 594 332 Restat,
625 287 677 320 ut
694 281 949 334 'scripturas
981 282 1114 321 solius
1138 281 1441 320 Oraeoviensis
1464 282 1663 335 proprias
1700 285 1859 323 exami-

283 361 447 387 nemus.
493 347 607 387 Sunt
637 347 743 387 hae:
787 347 866 387 531
899 347 1219 400 deprehensum
1261 349 1406 395 (cett.:
1446 347 1725 400 deprensum)
1748 348 1752 401 Ι
1775 350 1859 389 558

284 414 453 464 inquire
471 413 566 451 fata
583 416 727 463 (cett.:
747 413 919 464 inquire
941 413 985 451 in
1005 412 1113 463 fata,
1135 412 1195 451 V:
1219 412 1438 463 inquirere
1460 411 1571 462 fata)
1586 411 1590 466 ἱ
1605 412 1684 452 572
1705 412 1857 455 inserit

225 508 231 516 .
284 479 482 529 (inseret)
502 479 504 530 Ι
523 479 603 517 583
625 478 870 516 cadendum
903 478 1164 528 (cadendum
1186 481 1268 526 est)
1292 478 1294 530 ξ
1313 478 1394 516 598
1424 482 1691 529 sequentem,
1721 492 1756 518 v.
1774 480 1799 518 Ζ.
1816 483 1858 519 in

286 545 465 594 maryine
495 543 786 596 trium[phum
818 542 1125 596 (triumphum)
1150 542 1152 597 1
1177 543 1259 583 600
1297 542 1457 582 scande
1489 543 1730 593 (scandere)
1752 543 1757 597 ξ
1781 545 1861 585 615

285 623 454 649 morsus
486 607 687 659 (morsu){
712 609 792 647 619
823 609 986 647 exudat
1017 609 1197 657 (exudet
1218 607 1476 658 VBGAER,
1509 608 1704 647 exundet
1737 609 1859 658 MU){

286 674 368 712 630
399 673 516 712 illius
548 673 668 721 (illis)
687 671 690 725 ξ
710 673 790 712 653
821 686 1036 724 gorgonos
1070 673 1169 721 (·nis
1191 673 1316 713 VUG
1336 673 1451 724 mab,
1482 686 1577 712 -nes
1599 672 1737 726 B1A1)
1756 673 1760 727 Ι
1778 674 1857 715 659

288 740 398 777 dane
431 744 474 777 et
516 739 674 786 (danae
715 739 791 777 sed
835 742 934 788 etc.)
959 740 960 765 ³
987 739 1068 777 668
1107 739 1290 778 adverso
1332 739 1518 789 (averso)
1543 738 1546 790 1
1570 739 1651 777 678
1690 739 1859 778 hamati

288 804 458 853 (amati)
483 820 484 855 3
510 804 587 843 701
620 802 688 852 Cr1
729 817 895 857 aspera⁷
918 802 973 842 Cr
1005 804 1160 857 aspida
1185 820 1186 855 3
1212 804 1290 843 703
1328 803 1514 843 decidit:
1547 808 1591 843 et
1621 804 1742 843 nulla
1773 805 1862 855 (de-

288 870 420 910 cidit:
453 870 497 909 in
528 870 691 923 nullast
718 871 796 909 713
828 870 1026 923 pingitur
1058 870 1309 922 (tinguitur)
1331 870 1358 919 1)
1383 870 1398 922 Ji

421 936 466 975 Si
497 936 743 976 omittimus
774 937 1038 989 scripturas,
1069 949 1179 987 quae
1211 936 1266 974 ad
1297 949 1462 975 meram
1501 935 1862 989 orthographiam

291 1003 540 1055 pertinent:
572 1002 653 1040 678
683 1002 897 1040 hamati
928 1016 1005 1054 pro
1037 1001 1211 1040 amati
1245 1006 1489 1040 ceterorum
1520 1001 1752 1050 codicum,v
1783 1002 1859 1041 531

292 1068 708 1121 deprehensum
740 1081 817 1121 pro
847 1068 1211 1120 deprensum,
1243 1066 1428 1118 denique
1459 1067 1539 1106 653
1569 1080 1860 1118 gorgonos

289 1133 541 1184 (gorgonis),
573 1133 766 1183 reliquae
797 1132 1041 1184 scripturae
1072 1137 1174 1170 sunt
1204 1132 1440 1170 maximam
1480 1136 1651 1184 partem
1691 1145 1854 1171 errores

289 1202 366 1237 aut
413 1197 703 1237 coniecturae.
765 1197 945 1237 Errores
986 1201 1110 1236 sunt:
1141 1197 1221 1236 630
1251 1196 1368 1236 illius
1397 1210 1471 1246 pro
1501 1196 1607 1250 illis,
1638 1196 1717 1235 659
1749 1196 1858 1236 dane

290 1270 335 1301 et
361 1276 436 1312 pro
468 1264 630 1301 danaes
674 1267 736 1311 et,
782 1263 862 1300 668
893 1263 1137 1300 adverso
1168 1276 1245 1314 pro
1276 1275 1473 1300 averso
1512 1265 1557 1299 et
1587 1261 1671 1299 loci
1702 1261 1862 1300 similes

292 1328 387 1370 (676
409 1333 454 1366 et
476 1327 585 1378 682),
618 1327 693 1366 701
727 1341 783 1366 as
798 1342 823 1380 p
840 1341 945 1377 era,
976 1327 1090 1378 quod
1109 1327 1314 1366 librarius
1338 1327 1526 1380 primum
1539 1326 1753 1377 exaravit,
1770 1331 1862 1366 tum

293 1395 337 1431 111
368 1394 557 1446 aspida
588 1393 793 1431 mutavit.
825 1393 1057 1432 Erroribus
1090 1385 1326 1431 adnumero
1358 1392 1491 1431 etiam
1526 1393 1606 1430 558
1636 1392 1863 1442 inquire

292 1459 413 1498 iata
460 1459 512 1507 (si
536 1459 842 1511 compendium
874 1458 1196 1497 terminationis
1228 1458 1438 1497 infinitivi
1473 1472 1537 1497 -re
1567 1471 1654 1497 non
1684 1457 1864 1497 evanuit

294 1529 372 1562 aut
402 1538 488 1563 non
510 1528 577 1562 est
600 1526 802 1574 erasum),
824 1524 934 1574 quod
960 1523 1165 1562 librarius
1189 1537 1264 1576 pro
1296 1524 1594 1575 inquirere
1625 1523 1745 1562 fata
1767 1522 1866 1562 scri-

294 1590 431 1643 psisse
461 1590 638 1627 videtur
669 1594 815 1639 (quam
845 1590 1074 1628 lectionem
1107 1589 1145 1627 V
1177 1589 1333 1639 habet,
1382 1603 1479 1627 cum
1510 1588 1669 1640 reliqui
1703 1589 1873 1628 codices

297 1654 528 1706 inquire
575 1655 628 1693 in
672 1654 795 1693 fata
826 1655 1090 1704 exhibeant),
1116 1659 1160 1693 et
1182 1668 1356 1707 prorsus
1379 1654 1519 1694 simile
1550 1655 1632 1694 600
1661 1654 1872 1694 scande

297 1735 374 1774 pro
413 1735 430 1759 s
446 1736 467 1759 c
482 1721 583 1759 and
599 1735 619 1758 e
634 1734 687 1758 re
721 1720 773 1769 (si
805 1726 848 1758 et
879 1721 958 1759 hoc
989 1722 1079 1761 loco
1110 1735 1195 1760 non
1216 1720 1303 1759 fuit
1326 1721 1549 1772 primitive
1580 1735 1643 1760 -re
1666 1735 1742 1774 per
1763 1735 1872 1760 com-

299 1786 507 1839 pendium
538 1785 779 1838 scriptum).
802 1785 981 1825 Errores
999 1786 1043 1825 hi
1066 1786 1129 1824 ita
1147 1789 1248 1825 sunt
1279 1786 1377 1836 orti,
1402 1791 1450 1825 ut
1471 1786 1677 1825 librarius
1708 1786 1874 1826 exitum

298 1852 415 1890 vocis
446 1865 522 1903 per
543 1851 850 1902 compendium
891 1852 1102 1903 scriptum
1133 1851 1242 1890 falso
1274 1851 1452 1901 legeret.
1498 1851 1579 1890 Pro
1620 1864 1764 1890 errore
1795 1851 1870 1889 ha-

298 1917 378 1956 beo
419 1916 605 1967 denique
650 1916 728 1955 703
773 1916 1015 1955 decidit:
1059 1922 1111 1955 et
1133 1917 1295 1956 nulla
1340 1920 1484 1967 (cett.:
1530 1917 1775 1956 decidit:
1822 1916 1874 1955 in

298 1982 481 2030 nulla).
513 1983 563 2020 Et
581 1981 651 2020 hic
669 1995 788 2020 error
820 1981 1003 2020 similem
1044 1982 1255 2033 originem
1291 1982 1437 2033 habet,
1468 1982 1637 2021 scilicet
1670 1980 1873 2021 librarius

300 2047 610 2100 compendium
640 2055 667 2096 ῑ,
705 2047 818 2097 quod
854 2061 928 2099 pro
960 2048 1012 2086 in
1055 2054 1147 2086 erat
1192 2053 1475 2101 usurpatum,
1506 2062 1583 2100 pro
1632 2061 1657 2098 7
1699 2048 1874 2096 habuit,

301 2113 413 2164 quod
445 2117 498 2151 et
529 2112 764 2164 significat.

432 2178 484 2217 V.
515 2179 594 2216 572
625 2178 794 2216 codices
825 2178 1010 2217 habent:
1050 2179 1265 2229 „Scimus,
1297 2183 1342 2217 et
1372 2179 1452 2218 hoc
1482 2179 1607 2218 nobis
1629 2193 1716 2219 non
1738 2178 1869 2218 altius

302 2243 465 2281 inseret
509 2243 766 2282 Hamm0n⁴².
818 2242 875 2281 Cr
919 2243 1098 2282 exhibet
1148 2248 1320 2296 tempus
1366 2258 1596 2296 praesens:
1644 2243 1873 2292 inserit,

304 2322 414 2358 quae
445 2314 511 2346 est
543 2309 765 2360 scriptura
796 2307 920 2346 falsa.

435 2374 565 2412 Falsa
597 2378 664 2413 est
694 2373 829 2412 etiam
862 2388 899 2412 v.
921 2375 1000 2413 619
1031 2375 1251 2427 scriptura
1283 2373 1339 2413 Cr
1369 2375 1606 2425 exudat,
1638 2375 1714 2414 ubi
1736 2372 1873 2413 ceteri

306 2440 474 2480 codices
519 2444 636 2479 recte
683 2440 901 2493 praebent
946 2441 1274 2481 coniunctivum
1318 2441 1590 2491 exundet,
1639 2445 1791 2495 utpote
1832 2439 1875 2477 in

306 2506 524 2545 sententia
556 2506 880 2557 interrogativa
912 2507 1141 2545 indirecta.

442 2604 465 2646 1)
489 2605 600 2638 Falso
625 2605 837 2637 Passowiez
874 2606 978 2646 ponit
1015 2606 1239 2647 scripturam
1267 2605 1404 2638 codicis
1435 2605 1498 2638 Cr:
1535 2605 1599 2637 684
1633 2608 1777 2648 rapta
1810 2604 1875 2635 sic

308 2661 406 2691 inter
431 2670 504 2699 eas7
530 2670 622 2700 quae
648 2660 765 2691 solius
792 2659 838 2691 Cr
862 2662 1032 2702 propi-inc
1051 2665 1149 2700 sunt,
1175 2660 1326 2692 candem
1352 2662 1450 2693 enim
1476 2661 1701 2702 scripturam
1726 2658 1875 2692 exhibet

307 2718 497 2756 praetcrea
525 2714 601 2746 cod.
626 2714 670 2746 R.
