2004 3094
220 171 239 186 s
587 189 590 193 ⁴
1688 165 1741 204 15

308 296 589 348 Coniectura,
633 310 768 348 eaque
797 296 931 348 falsa,
975 304 1042 337 est
1078 311 1162 337 vox
1204 312 1222 337 s
1235 312 1257 337 e
1269 312 1296 349 q
1308 312 1335 337 u
1348 312 1370 336 e
1382 312 1410 336 n
1423 303 1442 336 t
1455 312 1477 337 e
1489 313 1532 337 m
1573 312 1614 337 v.
1644 298 1739 347 598,

177 376 255 417 pro
285 376 370 414 qua
401 362 447 401 in
477 362 634 402 ceteris
664 363 887 403 codicibus
917 363 1083 415 legitur
1113 367 1132 401 t
1144 377 1165 402 r
1178 363 1192 401 i
1205 377 1234 402 u
1246 377 1287 402 m
1302 377 1329 416 p
1339 363 1368 402 h
1381 378 1410 402 u
1421 377 1464 402 m
1479 377 1487 402 :

307 438 436 478 Hunc
465 452 544 491 ego
575 453 651 493 per
680 439 831 492 Syrtes
863 439 1115 492 Libyaeque
1146 444 1342 479 extrema
1372 439 1648 494 triumphum

306 503 475 543 Ducere
505 499 747 555 maluerim,
777 518 908 556 quam
937 509 1003 544 ter
1030 505 1251 557 Capitolia
1282 520 1412 544 curru

308 569 523 609 Scandere
552 566 752 623 Pompei,
783 584 913 622 quam
942 570 1146 622 frangere
1177 570 1287 610 colla
1318 571 1578 622 Iugurthae.

306 634 381 683 (Cr
414 635 569 673 habet:
599 636 962 688 triumphum,
997 637 1041 674 in
1076 636 1271 686 margine
1307 642 1530 686 tamquam
1568 635 1740 674 variam

175 698 409 739 lectionem
439 699 741 753 adscriptum).

307 775 358 813 V.
391 776 480 822 713,
513 776 588 827 qui
619 777 664 814 in
693 777 893 816 omnibus
923 776 1048 815 libris
1077 777 1389 829 manuscriptis
1430 777 1492 815 sic
1522 777 1736 815 traditur:

180 841 407 894 „Pluribus
437 841 508 880 ille
538 842 656 882 notis
687 842 902 882 variatam
932 842 1153 894 tinguitur
1174 841 1360 892 alvum“,
1391 842 1435 880 in
1466 841 1523 881 Cr
1552 842 1737 894 legitur:

180 907 407 956 „Pluribus
439 907 511 946 ille
541 908 657 947 notis
688 908 906 947 variatam
947 908 1146 960 pingitur
1188 907 1376 946 alvum“.
1417 908 1513 947 Vox
1553 908 1740 960 pingi-

175 978 266 1013 tur
297 978 363 1013 est
394 988 446 1013 ex
477 974 729 1013 coniectura
750 977 862 1024 orta,
893 973 1059 1012 scilicet
1080 973 1288 1012 librarius
1316 973 1508 1013 mutavit
1528 973 1741 1012 traditam

175 1052 325 1079 vocem
354 1039 655 1090 tinguitur
686 1043 937 1092 propterea,
971 1038 1085 1089 quod
1116 1038 1161 1076 in
1190 1038 1336 1077 codice
1369 1052 1444 1078 suo
1467 1039 1646 1077 eandem
1667 1052 1740 1078 vo-

173 1118 268 1143 cem
297 1118 427 1143 versu
457 1104 704 1155 insequenti
733 1104 971 1156 repetitam
1001 1104 1254 1142 invenerat:

307 1179 446 1227 Quam
477 1179 625 1232 parvis
656 1183 675 1218 t
689 1179 741 1217 in
757 1192 778 1218 c
791 1183 810 1217 t
823 1193 851 1218 u
865 1193 883 1218 s
914 1179 1095 1218 maculis
1128 1179 1362 1218 Thebanus
1394 1179 1580 1232 ophites.

306 1246 445 1294 (Idem
488 1246 582 1297 pin
594 1259 621 1294 g
635 1245 649 1282 i
661 1249 680 1282 t
691 1259 720 1283 u
731 1258 752 1282 r
795 1245 979 1283 coniecit
1008 1245 1220 1293 Grotius).
1262 1245 1377 1283 Vera
1420 1250 1486 1283 est
1521 1246 1740 1297 scriptura

174 1314 419 1350 ceterorum
450 1309 648 1349 codicum
679 1313 696 1347 t
709 1309 763 1347 in
777 1322 805 1360 g
816 1308 905 1348 uit
918 1323 946 1348 u
956 1323 988 1348 r.

307 1386 359 1425 V.
390 1387 470 1425 583
501 1387 636 1425 habet
667 1386 748 1424 Cr:

306 1452 391 1491 Sed
421 1466 534 1491 mors
565 1456 685 1490 certa
715 1450 846 1490 facit:
877 1451 1037 1504 pavido
1068 1451 1258 1502 fortique
1290 1465 1312 1489 c
1325 1465 1349 1490 a
1363 1451 1390 1489 d
1404 1465 1426 1489 e
1440 1465 1468 1489 n
1481 1451 1506 1489 d
1520 1466 1548 1490 u
1561 1465 1615 1489 m.

309 1516 456 1555 Ceteri
474 1517 644 1556 codices
664 1517 900 1570 praebent:
932 1531 953 1555 c
966 1531 990 1556 a
1002 1517 1027 1555 d
1041 1531 1063 1555 e
1075 1531 1104 1555 n
1118 1517 1145 1554 d
1159 1531 1188 1555 u
1201 1531 1242 1555 m
1270 1531 1292 1555 e
1305 1531 1323 1555 s
1336 1521 1365 1555 t.
1394 1517 1505 1556 Utra
1523 1517 1742 1570 scriptura

176 1582 465 1634 praeferenda
496 1583 567 1633 sit,
598 1583 715 1621 haud
746 1582 876 1621 facile
908 1583 1083 1621 dixeris.
1114 1582 1228 1621 Usus
1259 1587 1416 1634 poetae
1443 1583 1742 1632 quaestionem

174 1660 261 1687 non
275 1647 456 1699 dirimit,
474 1662 570 1687 cum
585 1648 789 1687 Lucanus
807 1647 851 1686 in
863 1647 984 1687 exitu
998 1661 1149 1686 versus
1162 1647 1425 1699 gerundium
1439 1647 1743 1701 (participium

175 1712 361 1765 perfecti
392 1714 576 1766 passivi)
606 1718 698 1752 tam
729 1728 826 1752 cum
856 1728 961 1753 voce
1001 1728 1022 1751 e
1036 1728 1054 1752 s
1068 1718 1088 1752 t
1130 1727 1260 1764 quam
1291 1713 1383 1752 sine
1414 1728 1436 1752 e
1449 1727 1466 1752 s
1480 1717 1498 1752 t
1529 1727 1743 1766 usurpare

174 1779 326 1817 soleat.
358 1778 441 1829 (Cf.
472 1779 594 1829 3‚548
634 1779 694 1818 Et
733 1778 819 1817 iam
861 1778 1051 1817 diductis
1091 1778 1334 1817 extendunt
1375 1792 1537 1818 cornua
1575 1778 1716 1831 proris
1736 1778 1739 1832 ἱ

176 1842 469 1894 Diversaeque
499 1849 617 1882 rates
648 1845 800 1893 laxata
822 1845 958 1882 classe
989 1859 1009 1882 r
1022 1858 1043 1882 e
1057 1858 1078 1882 c
1090 1858 1111 1882 e
1125 1859 1153 1896 p
1168 1849 1187 1882 t
1200 1858 1224 1882 a
1238 1859 1273 1882 e.
1305 1845 1453 1893 9‚1082
1473 1844 1563 1881 Nec
1590 1843 1741 1882 fallere

175 1912 346 1947 vosmet
365 1907 368 1961 Ι
389 1907 564 1948 Credite
595 1908 805 1949 victorem
823 1923 831 1948 :
861 1909 985 1948 nobis
1016 1923 1185 1961 quoque
1216 1909 1304 1948 tale
1336 1923 1363 1962 p
1377 1923 1401 1948 a
1415 1923 1436 1948 r
1450 1922 1474 1947 a
1487 1913 1506 1947 t
1519 1923 1546 1947 u
1561 1922 1601 1947 m
1644 1908 1736 1947 Lit—

174 1973 282 2013 toris
312 1974 577 2027 hospitium;
609 1989 685 2013 nec
707 1974 769 2013 sic
791 1989 942 2014 mea...
959 1998 1003 2003 -—
1038 1974 1192 2013 Altera
1222 1989 1274 2013 ex
1304 1980 1450 2027 parte:
1483 1975 1631 2025 9,1018
1660 1974 1734 2013 ab·

176 2042 289 2079 senti
309 2040 471 2080 bellum
493 2040 620 2079 civile
652 2055 679 2093 p
692 2055 714 2079 e
727 2054 818 2079 rac
831 2045 887 2079 tu
901 2055 943 2079 m
973 2054 1025 2079 es
1040 2045 1071 2079 t.
1101 2041 1225 2087 4‚488
1245 2041 1342 2080 Non
1363 2046 1511 2079 tamen
1541 2040 1585 2078 in
1605 2053 1735 2079 caeca

176 2104 390 2145 bellorum
429 2106 542 2145 nube
587 2120 609 2145 c
622 2106 716 2144 ade
730 2120 759 2144 n
774 2106 799 2144 d
814 2120 842 2145 u
855 2120 897 2144 m
940 2120 961 2145 e
978 2120 996 2145 s
1010 2109 1042 2144 t.
1086 2106 1208 2156 4,512
1251 2106 1412 2157 Magna
1442 2105 1609 2144 virtute
1638 2119 1681 2144 m
1693 2119 1733 2143 e-

175 2172 409 2210 rendum
440 2177 525 2210 est
545 2171 548 2223 Ι
568 2202 577 2220 ,
609 2174 730 2220 cett.)

310 2248 508 2300 Denique
538 2262 578 2287 v.
610 2248 691 2287 614
720 2262 795 2299 sq.‚
826 2248 903 2287 ubi
933 2249 1064 2287 ceteri
1096 2248 1265 2287 codices
1295 2248 1480 2286 habent:

306 2313 447 2352 Noxia
469 2317 724 2366 serpentum
754 2317 820 2351 est
851 2313 1286 2364 admixtosanguine
1317 2312 1472 2365 pestis;

307 2378 495 2418 Morsu
525 2379 645 2418 virus
675 2378 843 2417 habent
873 2383 917 2418 et
946 2378 1087 2418 fatum
1119 2379 1164 2417 in
1194 2379 1323 2417 dente
1353 2378 1558 2426 minatur,

307 2444 469 2484 Pocula
499 2449 637 2485 morte
668 2450 833 2484 carent.

310 2520 367 2560 Cr
396 2522 600 2575 praebet:
636 2522 879 2565 „Morsus
908 2523 1030 2562 »virus
1061 2522 1267 2561 habent“.
1298 2522 1357 2560 Et
1387 2521 1467 2560 hoc
1497 2521 1589 2560 loco
1621 2520 1736 2559 diffi-

177 2584 259 2625 cile
290 2591 356 2627 est
387 2587 526 2634 dictu,
574 2592 675 2627 utra
706 2587 924 2641 scriptura
968 2601 1119 2627 verum
1164 2587 1418 2627 servaverit.
1462 2586 1737 2639 Scripturam

176 2651 335 2691 codicis
368 2652 668 2692 Cracoviensis
710 2654 985 2693 commendat
1020 2653 1312 2704 aequabilitas
1348 2653 1581 2703 quaedam,
1625 2666 1736 2702 quae

176 2716 365 2768 exsistit,
388 2732 486 2758 cum
506 2717 692 2769 legitur:
722 2717 937 2757 Morsus
968 2718 1087 2757 virus
1118 2718 1322 2757 habent...
1354 2717 1568 2757 Pocula
1598 2722 1738 2757 morte
