<?xml version="1.0" encoding="UTF-8"?>
<!DOCTYPE html PUBLIC "-//W3C//DTD XHTML 1.0 Transitional//EN"
    "http://www.w3.org/TR/xhtml1/DTD/xhtml1-transitional.dtd">
<html xmlns="http://www.w3.org/1999/xhtml" xml:lang="en" lang="en">
 <head>
  <title>
</title>
<meta http-equiv="Content-Type" content="text/html;charset=utf-8" />
  <meta name='ocr-system' content='tesseract 3.04.00' />
  <meta name='ocr-capabilities' content='ocr_page ocr_carea ocr_par ocr_line ocrx_word'/>
</head>
<body>
  <div class='ocr_page' id='page_1' title='image "4737888_0017.png"; bbox 0 0 2004 3094; ppageno 0'>
   <div class='ocr_carea' id='block_1_1' title="bbox 1667 152 1693 191">
    <p class='ocr_par' dir='ltr' id='par_1_1' title="bbox 1667 152 1693 191">
     <span class='ocr_line' id='line_1_1' title="bbox 1667 152 1693 191; baseline 0 0"><span class='ocrx_word' id='word_1_1' title='bbox 1667 152 1693 191; x_wconf 89' lang='grc'>9</span> 
     </span>
    </p>
   </div>
   <div class='ocr_carea' id='block_1_2' title="bbox 128 282 1693 2611">
    <p class='ocr_par' dir='ltr' id='par_1_2' title="bbox 129 282 1691 604">
     <span class='ocr_line' id='line_1_2' title="bbox 130 282 1690 338; baseline -0.003 -11"><span class='ocrx_word' id='word_1_2' title='bbox 130 283 414 334; x_wconf 76' lang='lat' dir='ltr'><strong>codicemM,</strong></span> <span class='ocrx_word' id='word_1_3' title='bbox 458 282 598 336; x_wconf 87' lang='lat' dir='ltr'><strong>Lejay</strong></span> <span class='ocrx_word' id='word_1_4' title='bbox 626 284 818 338; x_wconf 84' lang='lat' dir='ltr'><strong>codicem</strong></span> <span class='ocrx_word' id='word_1_5' title='bbox 847 284 905 336; x_wconf 88' lang='lat' dir='ltr'><strong>A,</strong></span> <span class='ocrx_word' id='word_1_6' title='bbox 949 284 1067 324; x_wconf 88' lang='lat' dir='ltr'><strong>Beck</strong></span> <span class='ocrx_word' id='word_1_7' title='bbox 1103 284 1269 324; x_wconf 89' lang='lat' dir='ltr'><strong>codices</strong></span> <span class='ocrx_word' id='word_1_8' title='bbox 1300 284 1345 322; x_wconf 89' lang='lat' dir='ltr'>M</span> <span class='ocrx_word' id='word_1_9' title='bbox 1374 288 1418 323; x_wconf 88' lang='lat' dir='ltr'><strong>et</strong></span> <span class='ocrx_word' id='word_1_10' title='bbox 1457 285 1491 322; x_wconf 90' lang='lat' dir='ltr'>Z</span> <span class='ocrx_word' id='word_1_11' title='bbox 1532 283 1690 322; x_wconf 88' lang='lat' dir='ltr'><strong>ceteris</strong></span> 
     </span>
     <span class='ocr_line' id='line_1_3' title="bbox 130 349 1691 403; baseline -0.004 -10"><span class='ocrx_word' id='word_1_12' title='bbox 130 355 259 403; x_wconf 85' lang='lat' dir='ltr'><strong>longe</strong></span> <span class='ocrx_word' id='word_1_13' title='bbox 288 349 548 390; x_wconf 88' lang='lat' dir='ltr'><strong>antecellere</strong></span> <span class='ocrx_word' id='word_1_14' title='bbox 577 350 829 402; x_wconf 73' lang='lat' dir='ltr'>opinantur.</span> <span class='ocrx_word' id='word_1_15' title='bbox 870 351 1003 390; x_wconf 86' lang='lat' dir='ltr'><strong>Cuius</strong></span> <span class='ocrx_word' id='word_1_16' title='bbox 1040 350 1104 389; x_wconf 90' lang='lat' dir='ltr'><strong>rei</strong></span> <span class='ocrx_word' id='word_1_17' title='bbox 1142 350 1311 389; x_wconf 87' lang='lat' dir='ltr'><strong>ratione</strong></span> <span class='ocrx_word' id='word_1_18' title='bbox 1352 350 1506 389; x_wconf 89' lang='lat' dir='ltr'><strong>habita</strong></span> <span class='ocrx_word' id='word_1_19' title='bbox 1547 349 1593 387; x_wconf 91' lang='lat' dir='ltr'><strong>in</strong></span> <span class='ocrx_word' id='word_1_20' title='bbox 1622 349 1691 398; x_wconf 91' lang='lat' dir='ltr'><strong>iis,</strong></span> 
     </span>
     <span class='ocr_line' id='line_1_4' title="bbox 129 414 1691 470; baseline -0.003 -13"><span class='ocrx_word' id='word_1_21' title='bbox 129 429 242 470; x_wconf 82' lang='lat' dir='ltr'><strong>quae</strong></span> <span class='ocrx_word' id='word_1_22' title='bbox 263 418 519 467; x_wconf 88' lang='lat' dir='ltr'><strong>sequuntur,</strong></span> <span class='ocrx_word' id='word_1_23' title='bbox 539 428 626 454; x_wconf 91' lang='lat' dir='ltr'><strong>non</strong></span> <span class='ocrx_word' id='word_1_24' title='bbox 646 414 691 454; x_wconf 93' lang='lat' dir='ltr'><strong>id</strong></span> <span class='ocrx_word' id='word_1_25' title='bbox 712 428 853 467; x_wconf 90' lang='lat' dir='ltr'><strong>agam,</strong></span> <span class='ocrx_word' id='word_1_26' title='bbox 875 419 925 455; x_wconf 92' lang='lat' dir='ltr'><strong>ut</strong></span> <span class='ocrx_word' id='word_1_27' title='bbox 946 415 1203 466; x_wconf 88' lang='lat' dir='ltr'><strong>diiudicem,</strong></span> <span class='ocrx_word' id='word_1_28' title='bbox 1226 415 1399 454; x_wconf 90' lang='lat' dir='ltr'><strong>cuinam</strong></span> <span class='ocrx_word' id='word_1_29' title='bbox 1420 414 1550 454; x_wconf 86' lang='lat' dir='ltr'><strong>classi</strong></span> <span class='ocrx_word' id='word_1_30' title='bbox 1571 414 1691 453; x_wconf 88' lang='lat' dir='ltr'><strong>sche-</strong></span> 
     </span>
     <span class='ocr_line' id='line_1_5' title="bbox 131 476 1689 531; baseline -0.002 -10"><span class='ocrx_word' id='word_1_31' title='bbox 131 480 213 521; x_wconf 86' lang='lat' dir='ltr'><strong>dae</strong></span> <span class='ocrx_word' id='word_1_32' title='bbox 242 479 552 519; x_wconf 83' lang='lat' dir='ltr'><strong>Cracovienses</strong></span> <span class='ocrx_word' id='word_1_33' title='bbox 583 480 936 520; x_wconf 88' lang='lat' dir='ltr'><strong>adnumerandae</strong></span> <span class='ocrx_word' id='word_1_34' title='bbox 966 481 1078 531; x_wconf 91' lang='lat' dir='ltr'><strong>sint,</strong></span> <span class='ocrx_word' id='word_1_35' title='bbox 1119 481 1195 519; x_wconf 91' lang='lat' dir='ltr'><strong>sed</strong></span> <span class='ocrx_word' id='word_1_36' title='bbox 1220 476 1287 518; x_wconf 63' lang='lat' dir='ltr'><strong>&gt;rei</strong></span> <span class='ocrx_word' id='word_1_37' title='bbox 1317 494 1385 518; x_wconf 92' lang='lat' dir='ltr'><strong>me</strong></span> <span class='ocrx_word' id='word_1_38' title='bbox 1421 479 1689 519; x_wconf 73' lang='lat' dir='ltr'><strong>satisfecisse</strong></span> 
     </span>
     <span class='ocr_line' id='line_1_6' title="bbox 131 545 1447 604; baseline -0.002 -16"><span class='ocrx_word' id='word_1_39' title='bbox 131 547 316 604; x_wconf 86' lang='lat' dir='ltr'><strong>putabo,</strong></span> <span class='ocrx_word' id='word_1_40' title='bbox 348 545 386 586; x_wconf 87' lang='lat' dir='ltr'><strong>si</strong></span> <span class='ocrx_word' id='word_1_41' title='bbox 416 545 509 585; x_wconf 89' lang='grc'><strong>61116</strong></span> <span class='ocrx_word' id='word_1_42' title='bbox 540 545 842 598; x_wconf 75' lang='lat' dir='ltr'><strong>cognationem</strong></span> <span class='ocrx_word' id='word_1_43' title='bbox 876 545 1123 586; x_wconf 72' lang='lat' dir='ltr'><strong>accuratius</strong></span> <span class='ocrx_word' id='word_1_44' title='bbox 1154 545 1447 586; x_wconf 88' lang='lat' dir='ltr'><strong>declaravero.</strong></span> 
     </span>
    </p>

    <p class='ocr_par' dir='ltr' id='par_1_3' title="bbox 130 609 1690 1186">
     <span class='ocr_line' id='line_1_7' title="bbox 261 609 1686 664; baseline -0.003 -13"><span class='ocrx_word' id='word_1_45' title='bbox 261 612 355 659; x_wconf 82' lang='lat' dir='ltr'><strong>Qua</strong></span> <span class='ocrx_word' id='word_1_46' title='bbox 385 611 431 650; x_wconf 89' lang='lat' dir='ltr'><strong>in</strong></span> <span class='ocrx_word' id='word_1_47' title='bbox 460 625 506 650; x_wconf 90' lang='lat' dir='ltr'><strong>re</strong></span> <span class='ocrx_word' id='word_1_48' title='bbox 537 611 805 664; x_wconf 89' lang='lat' dir='ltr'><strong>exploranda</strong></span> <span class='ocrx_word' id='word_1_49' title='bbox 835 625 860 651; x_wconf 89' lang='lat' dir='ltr'><strong>a</strong></span> <span class='ocrx_word' id='word_1_50' title='bbox 890 611 1111 661; x_wconf 89' lang='lat' dir='ltr'><strong>versibus,</strong></span> <span class='ocrx_word' id='word_1_51' title='bbox 1141 611 1216 662; x_wconf 88' lang='lat' dir='ltr'><strong>qui</strong></span> <span class='ocrx_word' id='word_1_52' title='bbox 1245 611 1290 649; x_wconf 90' lang='lat' dir='ltr'><strong>in</strong></span> <span class='ocrx_word' id='word_1_53' title='bbox 1320 610 1540 649; x_wconf 86' lang='lat' dir='ltr'><strong>nonnullis</strong></span> <span class='ocrx_word' id='word_1_54' title='bbox 1561 609 1686 648; x_wconf 88' lang='lat' dir='ltr'><strong>libris</strong></span> 
     </span>
     <span class='ocr_line' id='line_1_8' title="bbox 132 674 1688 730; baseline -0.004 -12"><span class='ocrx_word' id='word_1_55' title='bbox 132 675 446 730; x_wconf 86' lang='lat' dir='ltr'><strong>manuscriptis</strong></span> <span class='ocrx_word' id='word_1_56' title='bbox 476 676 756 727; x_wconf 90' lang='lat' dir='ltr'><strong>omittuntur,</strong></span> <span class='ocrx_word' id='word_1_57' title='bbox 798 676 908 716; x_wconf 91' lang='lat' dir='ltr'><strong>mihi</strong></span> <span class='ocrx_word' id='word_1_58' title='bbox 954 675 1312 730; x_wconf 89' lang='lat' dir='ltr'><strong>proficiscendum</strong></span> <span class='ocrx_word' id='word_1_59' title='bbox 1360 689 1452 714; x_wconf 90' lang='grc'><strong>6666</strong></span> <span class='ocrx_word' id='word_1_60' title='bbox 1500 674 1688 713; x_wconf 88' lang='lat' dir='ltr'><strong>videtur.</strong></span> 
     </span>
     <span class='ocr_line' id='line_1_9' title="bbox 131 739 1690 783; baseline -0.003 0"><span class='ocrx_word' id='word_1_61' title='bbox 131 742 297 783; x_wconf 88' lang='lat' dir='ltr'><strong>Horum</strong></span> <span class='ocrx_word' id='word_1_62' title='bbox 328 741 512 780; x_wconf 86' lang='lat' dir='ltr'><strong>maximi</strong></span> <span class='ocrx_word' id='word_1_63' title='bbox 541 741 597 780; x_wconf 87' lang='lat' dir='ltr'><strong>ad</strong></span> <span class='ocrx_word' id='word_1_64' title='bbox 626 755 716 780; x_wconf 90' lang='lat' dir='ltr'><strong>rem</strong></span> <span class='ocrx_word' id='word_1_65' title='bbox 746 746 941 781; x_wconf 89' lang='lat' dir='ltr'><strong>nostram</strong></span> <span class='ocrx_word' id='word_1_66' title='bbox 980 740 1190 780; x_wconf 88' lang='lat' dir='ltr'><strong>momenti</strong></span> <span class='ocrx_word' id='word_1_67' title='bbox 1229 745 1296 779; x_wconf 88' lang='lat' dir='ltr'><strong>est</strong></span> <span class='ocrx_word' id='word_1_68' title='bbox 1334 754 1374 781; x_wconf 92' lang='lat' dir='ltr'><strong>v.</strong></span> <span class='ocrx_word' id='word_1_69' title='bbox 1403 740 1495 779; x_wconf 83' lang='lat'><strong>615.</strong></span> <span class='ocrx_word' id='word_1_70' title='bbox 1526 739 1690 779; x_wconf 89' lang='lat' dir='ltr'><strong>Versus</strong></span> 
     </span>
     <span class='ocr_line' id='line_1_10' title="bbox 130 805 1688 860; baseline -0.002 -14"><span class='ocrx_word' id='word_1_71' title='bbox 130 808 202 846; x_wconf 91' lang='lat' dir='ltr'><strong>ille</strong></span> <span class='ocrx_word' id='word_1_72' title='bbox 231 820 409 860; x_wconf 89' lang='lat' dir='ltr'><strong>prorsus</strong></span> <span class='ocrx_word' id='word_1_73' title='bbox 441 806 564 845; x_wconf 86' lang='lat' dir='ltr'><strong>deest</strong></span> <span class='ocrx_word' id='word_1_74' title='bbox 593 806 640 845; x_wconf 92' lang='lat' dir='ltr'><strong>in</strong></span> <span class='ocrx_word' id='word_1_75' title='bbox 669 806 717 856; x_wconf 95' lang='lat' dir='ltr'>B,</span> <span class='ocrx_word' id='word_1_76' title='bbox 748 806 792 853; x_wconf 90' lang='lat' dir='ltr'><strong>P,</strong></span> <span class='ocrx_word' id='word_1_77' title='bbox 825 807 870 855; x_wconf 86' lang='lat' dir='ltr'>Z,</span> <span class='ocrx_word' id='word_1_78' title='bbox 900 807 947 854; x_wconf 81' lang='lat' dir='ltr'>F,</span> <span class='ocrx_word' id='word_1_79' title='bbox 978 807 1056 845; x_wconf 89' lang='lat' dir='ltr'><strong>Erl</strong></span> <span class='ocrx_word' id='word_1_80' title='bbox 1085 805 1451 856; x_wconf 86' lang='lat' dir='ltr'><strong>(=Erlangensi),</strong></span> <span class='ocrx_word' id='word_1_81' title='bbox 1483 805 1527 852; x_wconf 82' lang='lat' dir='ltr'>T,</span> <span class='ocrx_word' id='word_1_82' title='bbox 1559 805 1613 855; x_wconf 90' lang='lat' dir='ltr'>N,</span> <span class='ocrx_word' id='word_1_83' title='bbox 1643 805 1688 843; x_wconf 91' lang='lat' dir='ltr'><strong>in</strong></span> 
     </span>
     <span class='ocr_line' id='line_1_11' title="bbox 131 870 1688 923; baseline -0.003 -10"><span class='ocrx_word' id='word_1_84' title='bbox 131 872 204 922; x_wconf 80' lang='lat' dir='ltr'><strong>E1)</strong></span> <span class='ocrx_word' id='word_1_85' title='bbox 236 871 418 912; x_wconf 84' lang='lat' dir='ltr'><strong>additur</strong></span> <span class='ocrx_word' id='word_1_86' title='bbox 446 885 579 911; x_wconf 89' lang='lat' dir='ltr'><strong>manu</strong></span> <span class='ocrx_word' id='word_1_87' title='bbox 610 876 787 923; x_wconf 89' lang='lat' dir='ltr'><strong>quarta,</strong></span> <span class='ocrx_word' id='word_1_88' title='bbox 819 872 865 911; x_wconf 89' lang='lat' dir='ltr'><strong>in</strong></span> <span class='ocrx_word' id='word_1_89' title='bbox 894 872 939 911; x_wconf 92' lang='lat' dir='ltr'>M</span> <span class='ocrx_word' id='word_1_90' title='bbox 966 885 1099 911; x_wconf 89' lang='lat' dir='ltr'><strong>manu</strong></span> <span class='ocrx_word' id='word_1_91' title='bbox 1129 870 1285 922; x_wconf 88' lang='lat' dir='ltr'><strong>tertia,</strong></span> <span class='ocrx_word' id='word_1_92' title='bbox 1317 870 1362 910; x_wconf 90' lang='lat' dir='ltr'><strong>in</strong></span> <span class='ocrx_word' id='word_1_93' title='bbox 1392 870 1432 909; x_wconf 92' lang='lat' dir='ltr'><strong>A</strong></span> <span class='ocrx_word' id='word_1_94' title='bbox 1462 884 1594 909; x_wconf 88' lang='lat' dir='ltr'><strong>manu</strong></span> <span class='ocrx_word' id='word_1_95' title='bbox 1625 884 1688 909; x_wconf 91' lang='lat' dir='ltr'><strong>se-</strong></span> 
     </span>
     <span class='ocr_line' id='line_1_12' title="bbox 130 936 1689 987; baseline -0.001 -11"><span class='ocrx_word' id='word_1_96' title='bbox 130 938 295 987; x_wconf 88' lang='lat' dir='ltr'><strong>cunda,</strong></span> <span class='ocrx_word' id='word_1_97' title='bbox 341 937 386 975; x_wconf 90' lang='lat' dir='ltr'><strong>in</strong></span> <span class='ocrx_word' id='word_1_98' title='bbox 416 937 455 976; x_wconf 78' lang='lat' dir='ltr'>G</span> <span class='ocrx_word' id='word_1_99' title='bbox 485 938 530 976; x_wconf 91' lang='lat' dir='ltr'><strong>in</strong></span> <span class='ocrx_word' id='word_1_100' title='bbox 560 951 713 976; x_wconf 87' lang='lat' dir='ltr'><strong>rasura</strong></span> <span class='ocrx_word' id='word_1_101' title='bbox 743 942 961 976; x_wconf 83' lang='lat' dir='ltr'><strong>exaratur.</strong></span> <span class='ocrx_word' id='word_1_102' title='bbox 1006 938 1059 976; x_wconf 90' lang='lat' dir='ltr'><strong>In</strong></span> <span class='ocrx_word' id='word_1_103' title='bbox 1101 936 1158 975; x_wconf 85' lang='lat' dir='ltr'><strong>Cr</strong></span> <span class='ocrx_word' id='word_1_104' title='bbox 1196 950 1345 975; x_wconf 88' lang='lat' dir='ltr'><strong>versus</strong></span> <span class='ocrx_word' id='word_1_105' title='bbox 1387 936 1458 974; x_wconf 90' lang='lat' dir='ltr'><strong>hic</strong></span> <span class='ocrx_word' id='word_1_106' title='bbox 1489 950 1565 975; x_wconf 89' lang='lat' dir='ltr'><strong>suo</strong></span> <span class='ocrx_word' id='word_1_107' title='bbox 1594 936 1689 975; x_wconf 90' lang='lat' dir='ltr'><strong>loco</strong></span> 
     </span>
     <span class='ocr_line' id='line_1_13' title="bbox 131 1001 1689 1057; baseline -0.002 -14"><span class='ocrx_word' id='word_1_108' title='bbox 131 1003 272 1057; x_wconf 87' lang='lat' dir='ltr'><strong>prima</strong></span> <span class='ocrx_word' id='word_1_109' title='bbox 302 1016 434 1042; x_wconf 80' lang='lat' dir='ltr'><strong>manu</strong></span> <span class='ocrx_word' id='word_1_110' title='bbox 465 1007 532 1042; x_wconf 89' lang='lat' dir='ltr'><strong>est</strong></span> <span class='ocrx_word' id='word_1_111' title='bbox 561 1007 782 1042; x_wconf 84' lang='lat' dir='ltr'><strong>exaratus.</strong></span> <span class='ocrx_word' id='word_1_112' title='bbox 824 1003 892 1042; x_wconf 84' lang='lat' dir='ltr'><strong>Ex</strong></span> <span class='ocrx_word' id='word_1_113' title='bbox 934 1017 982 1043; x_wconf 89' lang='lat' dir='ltr'><strong>eo</strong></span> <span class='ocrx_word' id='word_1_114' title='bbox 1023 1003 1104 1042; x_wconf 90' lang='lat' dir='ltr'><strong>hoc</strong></span> <span class='ocrx_word' id='word_1_115' title='bbox 1146 1002 1450 1041; x_wconf 90' lang='lat' dir='ltr'><strong>tantummodo</strong></span> <span class='ocrx_word' id='word_1_116' title='bbox 1492 1001 1689 1052; x_wconf 87' lang='lat' dir='ltr'><strong>sequitur</strong></span> 
     </span>
     <span class='ocr_line' id='line_1_14' title="bbox 130 1067 1690 1118; baseline -0.001 -12"><span class='ocrx_word' id='word_1_117' title='bbox 130 1068 377 1107; x_wconf 86' lang='lat' dir='ltr'><strong>codicem</strong></span> <span class='ocrx_word' id='word_1_118' title='bbox 419 1067 485 1106; x_wconf 87' lang='grc'><strong>01·</strong></span> <span class='ocrx_word' id='word_1_119' title='bbox 523 1081 630 1106; x_wconf 89' lang='grc'><strong>11011</strong></span> <span class='ocrx_word' id='word_1_120' title='bbox 666 1082 788 1107; x_wconf 90' lang='grc'><strong>6666</strong></span> <span class='ocrx_word' id='word_1_121' title='bbox 830 1082 894 1107; x_wconf 85' lang='lat' dir='ltr'><strong>ex</strong></span> <span class='ocrx_word' id='word_1_122' title='bbox 935 1068 989 1118; x_wconf 87' lang='lat' dir='ltr'>B,</span> <span class='ocrx_word' id='word_1_123' title='bbox 1028 1068 1076 1118; x_wconf 91' lang='lat' dir='ltr'>P,</span> <span class='ocrx_word' id='word_1_124' title='bbox 1106 1068 1159 1117; x_wconf 90' lang='lat' dir='ltr'>Z,</span> <span class='ocrx_word' id='word_1_125' title='bbox 1199 1067 1247 1116; x_wconf 84' lang='lat' dir='ltr'>F,</span> <span class='ocrx_word' id='word_1_126' title='bbox 1289 1067 1406 1117; x_wconf 87' lang='lat' dir='ltr'><strong>Erl,</strong></span> <span class='ocrx_word' id='word_1_127' title='bbox 1447 1067 1496 1116; x_wconf 89' lang='grc' dir='ltr'><strong>Τ,</strong></span> <span class='ocrx_word' id='word_1_128' title='bbox 1539 1067 1577 1105; x_wconf 90' lang='lat' dir='ltr'>N</span> <span class='ocrx_word' id='word_1_129' title='bbox 1608 1067 1690 1105; x_wconf 87' lang='lat' dir='ltr'><strong>de-</strong></span> 
     </span>
     <span class='ocr_line' id='line_1_15' title="bbox 130 1133 420 1186; baseline -0.01 -13"><span class='ocrx_word' id='word_1_130' title='bbox 130 1133 420 1186; x_wconf 89' lang='lat' dir='ltr'><strong>scriptum.</strong></span> 
     </span>
    </p>

    <p class='ocr_par' dir='ltr' id='par_1_4' title="bbox 130 1197 1691 1381">
     <span class='ocr_line' id='line_1_16' title="bbox 260 1197 1689 1249; baseline -0.001 -13"><span class='ocrx_word' id='word_1_131' title='bbox 260 1198 422 1237; x_wconf 89' lang='lat' dir='ltr'><strong>Versus</strong></span> <span class='ocrx_word' id='word_1_132' title='bbox 453 1199 682 1248; x_wconf 79' lang='grc'><strong>684-687,</strong></span> <span class='ocrx_word' id='word_1_133' title='bbox 723 1199 797 1249; x_wconf 89' lang='lat' dir='ltr'><strong>qui</strong></span> <span class='ocrx_word' id='word_1_134' title='bbox 827 1199 873 1236; x_wconf 90' lang='lat' dir='ltr'><strong>in</strong></span> <span class='ocrx_word' id='word_1_135' title='bbox 901 1200 940 1237; x_wconf 80' lang='lat' dir='ltr'><strong>Gr</strong></span> <span class='ocrx_word' id='word_1_136' title='bbox 970 1212 1115 1237; x_wconf 87' lang='lat' dir='ltr'><strong>errore</strong></span> <span class='ocrx_word' id='word_1_137' title='bbox 1155 1197 1388 1236; x_wconf 80' lang='lat' dir='ltr'><strong>manifesto</strong></span> <span class='ocrx_word' id='word_1_138' title='bbox 1420 1198 1600 1246; x_wconf 85' lang='lat' dir='ltr'><strong>desunt,</strong></span> <span class='ocrx_word' id='word_1_139' title='bbox 1643 1197 1689 1234; x_wconf 92' lang='lat' dir='ltr'><strong>in</strong></span> 
     </span>
     <span class='ocr_line' id='line_1_17' title="bbox 132 1262 1691 1314; baseline -0.001 -13"><span class='ocrx_word' id='word_1_140' title='bbox 132 1262 188 1301; x_wconf 84' lang='lat' dir='ltr'><strong>Cr</strong></span> <span class='ocrx_word' id='word_1_141' title='bbox 218 1275 295 1302; x_wconf 91' lang='lat' dir='ltr'><strong>suo</strong></span> <span class='ocrx_word' id='word_1_142' title='bbox 325 1263 417 1302; x_wconf 92' lang='grc'><strong>1000</strong></span> <span class='ocrx_word' id='word_1_143' title='bbox 447 1268 696 1302; x_wconf 81' lang='lat' dir='ltr'><strong>exarantur.</strong></span> <span class='ocrx_word' id='word_1_144' title='bbox 756 1263 962 1314; x_wconf 87' lang='lat' dir='ltr'><strong>Sequitur</strong></span> <span class='ocrx_word' id='word_1_145' title='bbox 1003 1277 1057 1302; x_wconf 81' lang='lat' dir='ltr'><strong>ex</strong></span> <span class='ocrx_word' id='word_1_146' title='bbox 1096 1277 1145 1302; x_wconf 90' lang='lat' dir='ltr'><strong>eo</strong></span> <span class='ocrx_word' id='word_1_147' title='bbox 1191 1262 1248 1301; x_wconf 93' lang='grc'><strong>01·</strong></span> <span class='ocrx_word' id='word_1_148' title='bbox 1291 1276 1399 1302; x_wconf 89' lang='grc'><strong>11011</strong></span> <span class='ocrx_word' id='word_1_149' title='bbox 1443 1276 1566 1301; x_wconf 89' lang='grc'><strong>6666</strong></span> <span class='ocrx_word' id='word_1_150' title='bbox 1611 1262 1691 1300; x_wconf 86' lang='grc'><strong>(16-</strong></span> 
     </span>
     <span class='ocr_line' id='line_1_18' title="bbox 130 1328 815 1381; baseline 0.001 -14"><span class='ocrx_word' id='word_1_151' title='bbox 130 1328 416 1381; x_wconf 90' lang='lat' dir='ltr'><strong>scriptum</strong></span> <span class='ocrx_word' id='word_1_152' title='bbox 446 1342 510 1367; x_wconf 86' lang='lat' dir='ltr'><strong>ex</strong></span> <span class='ocrx_word' id='word_1_153' title='bbox 540 1329 734 1368; x_wconf 89' lang='lat' dir='ltr'><strong>codice</strong></span> <span class='ocrx_word' id='word_1_154' title='bbox 764 1329 815 1368; x_wconf 79' lang='lat' dir='ltr'><strong>Gr.</strong></span> 
     </span>
    </p>

    <p class='ocr_par' dir='ltr' id='par_1_5' title="bbox 129 1393 1692 1641">
     <span class='ocr_line' id='line_1_19' title="bbox 259 1393 1692 1445; baseline -0.001 -13"><span class='ocrx_word' id='word_1_155' title='bbox 259 1393 354 1432; x_wconf 90' lang='lat' dir='ltr'><strong>Iam</strong></span> <span class='ocrx_word' id='word_1_156' title='bbox 384 1394 707 1432; x_wconf 88' lang='lat' dir='ltr'><strong>consideremus</strong></span> <span class='ocrx_word' id='word_1_157' title='bbox 743 1407 914 1440; x_wconf 82' lang='lat' dir='ltr'><strong>versus,</strong></span> <span class='ocrx_word' id='word_1_158' title='bbox 960 1394 1033 1445; x_wconf 90' lang='lat' dir='ltr'><strong>qui</strong></span> <span class='ocrx_word' id='word_1_159' title='bbox 1064 1393 1148 1433; x_wconf 88' lang='lat' dir='ltr'><strong>alio</strong></span> <span class='ocrx_word' id='word_1_160' title='bbox 1180 1393 1225 1432; x_wconf 90' lang='lat' dir='ltr'><strong>in</strong></span> <span class='ocrx_word' id='word_1_161' title='bbox 1257 1393 1355 1432; x_wconf 87' lang='lat' dir='ltr'><strong>aliis</strong></span> <span class='ocrx_word' id='word_1_162' title='bbox 1385 1393 1509 1432; x_wconf 89' lang='lat' dir='ltr'><strong>libris</strong></span> <span class='ocrx_word' id='word_1_163' title='bbox 1540 1406 1692 1431; x_wconf 90' lang='lat' dir='ltr'><strong>manu-</strong></span> 
     </span>
     <span class='ocr_line' id='line_1_20' title="bbox 132 1458 1691 1511; baseline -0.001 -14"><span class='ocrx_word' id='word_1_164' title='bbox 132 1459 305 1511; x_wconf 88' lang='lat' dir='ltr'><strong>scriptis</strong></span> <span class='ocrx_word' id='word_1_165' title='bbox 350 1459 500 1497; x_wconf 90' lang='lat' dir='ltr'><strong>ordine</strong></span> <span class='ocrx_word' id='word_1_166' title='bbox 540 1459 761 1509; x_wconf 89' lang='lat' dir='ltr'><strong>leguntur.</strong></span> <span class='ocrx_word' id='word_1_167' title='bbox 802 1458 963 1498; x_wconf 91' lang='lat' dir='ltr'><strong>Versus</strong></span> <span class='ocrx_word' id='word_1_168' title='bbox 999 1459 1187 1498; x_wconf 79' lang='lat'><strong>700.701</strong></span> <span class='ocrx_word' id='word_1_169' title='bbox 1229 1459 1401 1497; x_wconf 83' lang='lat' dir='ltr'><strong>exarati</strong></span> <span class='ocrx_word' id='word_1_170' title='bbox 1436 1462 1540 1497; x_wconf 92' lang='lat' dir='ltr'><strong>sunt</strong></span> <span class='ocrx_word' id='word_1_171' title='bbox 1574 1459 1618 1497; x_wconf 90' lang='lat' dir='ltr'><strong>in</strong></span> <span class='ocrx_word' id='word_1_172' title='bbox 1652 1459 1691 1496; x_wconf 93' lang='lat' dir='ltr'>D</span> 
     </span>
     <span class='ocr_line' id='line_1_21' title="bbox 129 1523 1691 1575; baseline 0 -14"><span class='ocrx_word' id='word_1_173' title='bbox 129 1523 208 1562; x_wconf 91' lang='lat' dir='ltr'><strong>hoc</strong></span> <span class='ocrx_word' id='word_1_174' title='bbox 238 1523 413 1563; x_wconf 88' lang='lat' dir='ltr'><strong>ordine:</strong></span> <span class='ocrx_word' id='word_1_175' title='bbox 457 1524 658 1563; x_wconf 84' lang='grc' dir='ltr'><strong>701.7ΟΟ.</strong></span> <span class='ocrx_word' id='word_1_176' title='bbox 701 1524 754 1562; x_wconf 92' lang='lat' dir='ltr'><strong>In</strong></span> <span class='ocrx_word' id='word_1_177' title='bbox 784 1523 841 1562; x_wconf 91' lang='grc'><strong>01·</strong></span> <span class='ocrx_word' id='word_1_178' title='bbox 883 1525 986 1563; x_wconf 89' lang='lat' dir='ltr'><strong>ordo</strong></span> <span class='ocrx_word' id='word_1_179' title='bbox 1018 1528 1084 1563; x_wconf 88' lang='lat' dir='ltr'><strong>est</strong></span> <span class='ocrx_word' id='word_1_180' title='bbox 1114 1524 1230 1563; x_wconf 88' lang='lat' dir='ltr'><strong>idem</strong></span> <span class='ocrx_word' id='word_1_181' title='bbox 1266 1529 1397 1575; x_wconf 88' lang='lat' dir='ltr'><strong>atque</strong></span> <span class='ocrx_word' id='word_1_182' title='bbox 1433 1523 1479 1562; x_wconf 89' lang='lat' dir='ltr'><strong>in</strong></span> <span class='ocrx_word' id='word_1_183' title='bbox 1514 1523 1691 1574; x_wconf 86' lang='lat' dir='ltr'><strong>reliquis</strong></span> 
     </span>
     <span class='ocr_line' id='line_1_22' title="bbox 131 1588 1604 1641; baseline 0 -14"><span class='ocrx_word' id='word_1_184' title='bbox 131 1588 250 1627; x_wconf 83' lang='lat' dir='ltr'><strong>MSS.</strong></span> <span class='ocrx_word' id='word_1_185' title='bbox 282 1588 487 1641; x_wconf 87' lang='lat' dir='ltr'><strong>Apparet</strong></span> <span class='ocrx_word' id='word_1_186' title='bbox 516 1603 568 1627; x_wconf 84' lang='lat' dir='ltr'><strong>ex</strong></span> <span class='ocrx_word' id='word_1_187' title='bbox 598 1589 678 1628; x_wconf 92' lang='lat' dir='ltr'><strong>hoc</strong></span> <span class='ocrx_word' id='word_1_188' title='bbox 710 1588 767 1627; x_wconf 90' lang='grc'><strong>01·</strong></span> <span class='ocrx_word' id='word_1_189' title='bbox 787 1603 893 1628; x_wconf 91' lang='grc'><strong>11011</strong></span> <span class='ocrx_word' id='word_1_190' title='bbox 924 1603 1042 1628; x_wconf 89' lang='grc'><strong>6666</strong></span> <span class='ocrx_word' id='word_1_191' title='bbox 1073 1589 1430 1641; x_wconf 89' lang='lat' dir='ltr'><strong>descriptum</strong></span> <span class='ocrx_word' id='word_1_192' title='bbox 1461 1603 1522 1627; x_wconf 87' lang='lat' dir='ltr'><strong>ex</strong></span> <span class='ocrx_word' id='word_1_193' title='bbox 1552 1589 1604 1627; x_wconf 91' lang='lat' dir='ltr'><strong>D.</strong></span> 
     </span>
    </p>

    <p class='ocr_par' dir='ltr' id='par_1_6' title="bbox 128 1653 1693 2033">
     <span class='ocr_line' id='line_1_23' title="bbox 258 1653 1693 1705; baseline -0.001 -12"><span class='ocrx_word' id='word_1_194' title='bbox 258 1653 403 1693; x_wconf 90' lang='lat' dir='ltr'><strong>Minus</strong></span> <span class='ocrx_word' id='word_1_195' title='bbox 434 1657 601 1693; x_wconf 89' lang='lat' dir='ltr'><strong>certum</strong></span> <span class='ocrx_word' id='word_1_196' title='bbox 631 1658 698 1693; x_wconf 89' lang='lat' dir='ltr'><strong>est</strong></span> <span class='ocrx_word' id='word_1_197' title='bbox 729 1654 937 1693; x_wconf 90' lang='lat' dir='ltr'><strong>iudicium</strong></span> <span class='ocrx_word' id='word_1_198' title='bbox 969 1655 1021 1693; x_wconf 92' lang='lat' dir='ltr'><strong>de</strong></span> <span class='ocrx_word' id='word_1_199' title='bbox 1052 1654 1220 1694; x_wconf 90' lang='lat' dir='ltr'><strong>duobus</strong></span> <span class='ocrx_word' id='word_1_200' title='bbox 1247 1654 1492 1704; x_wconf 87' lang='lat' dir='ltr'><strong>codicibus,</strong></span> <span class='ocrx_word' id='word_1_201' title='bbox 1524 1654 1568 1692; x_wconf 92' lang='lat' dir='ltr'><strong>in</strong></span> <span class='ocrx_word' id='word_1_202' title='bbox 1598 1653 1693 1705; x_wconf 90' lang='lat' dir='ltr'><strong>qui-</strong></span> 
     </span>
     <span class='ocr_line' id='line_1_24' title="bbox 129 1718 1690 1772; baseline 0 -15"><span class='ocrx_word' id='word_1_203' title='bbox 129 1718 207 1757; x_wconf 87' lang='lat' dir='ltr'><strong>bus</strong></span> <span class='ocrx_word' id='word_1_204' title='bbox 238 1732 390 1758; x_wconf 86' lang='lat' dir='ltr'><strong>versus</strong></span> <span class='ocrx_word' id='word_1_205' title='bbox 422 1719 683 1771; x_wconf 86' lang='lat' dir='ltr'><strong>transpositi</strong></span> <span class='ocrx_word' id='word_1_206' title='bbox 714 1720 1116 1771; x_wconf 88' lang='lat' dir='ltr'><strong>deprehenduntur.</strong></span> <span class='ocrx_word' id='word_1_207' title='bbox 1158 1720 1210 1757; x_wconf 90' lang='lat' dir='ltr'><strong>In</strong></span> <span class='ocrx_word' id='word_1_208' title='bbox 1250 1719 1290 1759; x_wconf 89' lang='lat' dir='ltr'>U</span> <span class='ocrx_word' id='word_1_209' title='bbox 1321 1724 1509 1772; x_wconf 87' lang='lat' dir='ltr'><strong>apparet</strong></span> <span class='ocrx_word' id='word_1_210' title='bbox 1539 1733 1579 1757; x_wconf 74' lang='lat' dir='ltr'><strong>v.</strong></span> <span class='ocrx_word' id='word_1_211' title='bbox 1612 1719 1690 1757; x_wconf 85' lang='grc'><strong>716</strong></span> 
     </span>
     <span class='ocr_line' id='line_1_25' title="bbox 131 1784 1690 1838; baseline 0 -15"><span class='ocrx_word' id='word_1_212' title='bbox 131 1788 228 1836; x_wconf 85' lang='lat' dir='ltr'><strong>post</strong></span> <span class='ocrx_word' id='word_1_213' title='bbox 257 1799 297 1825; x_wconf 90' lang='lat' dir='ltr'><strong>v.</strong></span> <span class='ocrx_word' id='word_1_214' title='bbox 329 1785 419 1824; x_wconf 78' lang='lat'><strong>721.</strong></span> <span class='ocrx_word' id='word_1_215' title='bbox 460 1785 512 1823; x_wconf 92' lang='lat' dir='ltr'><strong>In</strong></span> <span class='ocrx_word' id='word_1_216' title='bbox 541 1785 586 1823; x_wconf 89' lang='lat' dir='ltr'>M</span> <span class='ocrx_word' id='word_1_217' title='bbox 616 1799 655 1824; x_wconf 87' lang='lat' dir='ltr'><strong>v.</strong></span> <span class='ocrx_word' id='word_1_218' title='bbox 687 1785 767 1824; x_wconf 79' lang='lat'><strong>620</strong></span> <span class='ocrx_word' id='word_1_219' title='bbox 796 1784 958 1837; x_wconf 83' lang='lat' dir='ltr'><strong>legitur</strong></span> <span class='ocrx_word' id='word_1_220' title='bbox 989 1790 1090 1838; x_wconf 89' lang='lat' dir='ltr'><strong>post</strong></span> <span class='ocrx_word' id='word_1_221' title='bbox 1119 1799 1158 1824; x_wconf 88' lang='lat' dir='ltr'><strong>V.</strong></span> <span class='ocrx_word' id='word_1_222' title='bbox 1189 1785 1279 1824; x_wconf 83' lang='lat'><strong>627.</strong></span> <span class='ocrx_word' id='word_1_223' title='bbox 1323 1785 1520 1835; x_wconf 89' lang='lat' dir='ltr'><strong>Utraque</strong></span> <span class='ocrx_word' id='word_1_224' title='bbox 1550 1789 1690 1823; x_wconf 86' lang='lat' dir='ltr'><strong>trans-</strong></span> 
     </span>
     <span class='ocr_line' id='line_1_26' title="bbox 130 1849 1690 1900; baseline 0 -13"><span class='ocrx_word' id='word_1_225' title='bbox 130 1849 287 1900; x_wconf 88' lang='lat' dir='ltr'><strong>positio</strong></span> <span class='ocrx_word' id='word_1_226' title='bbox 317 1864 434 1890; x_wconf 88' lang='lat' dir='ltr'><strong>mero</strong></span> <span class='ocrx_word' id='word_1_227' title='bbox 465 1851 600 1889; x_wconf 88' lang='lat' dir='ltr'><strong>errori</strong></span> <span class='ocrx_word' id='word_1_228' title='bbox 630 1850 842 1900; x_wconf 85' lang='lat' dir='ltr'><strong>originem</strong></span> <span class='ocrx_word' id='word_1_229' title='bbox 874 1850 1013 1888; x_wconf 86' lang='lat' dir='ltr'><strong>debet.</strong></span> <span class='ocrx_word' id='word_1_230' title='bbox 1046 1849 1156 1888; x_wconf 83' lang='lat' dir='ltr'><strong>Cum</strong></span> <span class='ocrx_word' id='word_1_231' title='bbox 1187 1855 1335 1888; x_wconf 87' lang='lat' dir='ltr'><strong>tamen</strong></span> <span class='ocrx_word' id='word_1_232' title='bbox 1367 1854 1410 1887; x_wconf 90' lang='lat' dir='ltr'><strong>et</strong></span> <span class='ocrx_word' id='word_1_233' title='bbox 1442 1850 1486 1887; x_wconf 89' lang='lat' dir='ltr'><strong>in</strong></span> <span class='ocrx_word' id='word_1_234' title='bbox 1517 1850 1557 1888; x_wconf 90' lang='lat' dir='ltr'><strong>U</strong></span> <span class='ocrx_word' id='word_1_235' title='bbox 1579 1850 1690 1887; x_wconf 84' lang='grc'><strong>613111</strong></span> 
     </span>
     <span class='ocr_line' id='line_1_27' title="bbox 129 1913 1689 1968; baseline 0.001 -16"><span class='ocrx_word' id='word_1_236' title='bbox 129 1913 173 1952; x_wconf 91' lang='lat' dir='ltr'>M</span> <span class='ocrx_word' id='word_1_237' title='bbox 200 1919 346 1954; x_wconf 87' lang='lat' dir='ltr'><strong>rectus</strong></span> <span class='ocrx_word' id='word_1_238' title='bbox 377 1916 480 1955; x_wconf 89' lang='lat' dir='ltr'><strong>ordo</strong></span> <span class='ocrx_word' id='word_1_239' title='bbox 511 1930 535 1954; x_wconf 91' lang='lat' dir='ltr'><strong>a</strong></span> <span class='ocrx_word' id='word_1_240' title='bbox 567 1919 806 1955; x_wconf 88' lang='lat' dir='ltr'><strong>correctore</strong></span> <span class='ocrx_word' id='word_1_241' title='bbox 838 1919 990 1968; x_wconf 85' lang='lat' dir='ltr'><strong>postea</strong></span> <span class='ocrx_word' id='word_1_242' title='bbox 1030 1916 1268 1954; x_wconf 86' lang='lat' dir='ltr'><strong>restitutus</strong></span> <span class='ocrx_word' id='word_1_243' title='bbox 1299 1916 1380 1965; x_wconf 89' lang='lat' dir='ltr'><strong>sit,</strong></span> <span class='ocrx_word' id='word_1_244' title='bbox 1423 1914 1479 1953; x_wconf 90' lang='grc'><strong>01·</strong></span> <span class='ocrx_word' id='word_1_245' title='bbox 1518 1928 1571 1953; x_wconf 84' lang='lat' dir='ltr'><strong>ex</strong></span> <span class='ocrx_word' id='word_1_246' title='bbox 1602 1914 1689 1953; x_wconf 91' lang='lat' dir='ltr'><strong>illis</strong></span> 
     </span>
     <span class='ocr_line' id='line_1_28' title="bbox 128 1979 1459 2033; baseline 0.001 -16"><span class='ocrx_word' id='word_1_247' title='bbox 128 1979 351 2020; x_wconf 83' lang='lat' dir='ltr'><strong>codicibus</strong></span> <span class='ocrx_word' id='word_1_248' title='bbox 382 1981 594 2031; x_wconf 86' lang='lat' dir='ltr'><strong>originem</strong></span> <span class='ocrx_word' id='word_1_249' title='bbox 625 1981 782 2019; x_wconf 88' lang='lat' dir='ltr'><strong>ducere</strong></span> <span class='ocrx_word' id='word_1_250' title='bbox 814 1980 1007 2033; x_wconf 91' lang='lat' dir='ltr'><strong>potuisse</strong></span> <span class='ocrx_word' id='word_1_251' title='bbox 1038 1980 1157 2019; x_wconf 91' lang='lat' dir='ltr'><strong>haud</strong></span> <span class='ocrx_word' id='word_1_252' title='bbox 1187 1980 1459 2032; x_wconf 84' lang='lat' dir='ltr'><strong>negabimus.</strong></span> 
     </span>
    </p>

    <p class='ocr_par' dir='ltr' id='par_1_7' title="bbox 130 2045 1689 2151">
     <span class='ocr_line' id='line_1_29' title="bbox 258 2045 1689 2097; baseline -0.001 -13"><span class='ocrx_word' id='word_1_253' title='bbox 258 2046 313 2096; x_wconf 90' lang='grc' dir='ltr'><strong>Β,</strong></span> <span class='ocrx_word' id='word_1_254' title='bbox 358 2047 409 2097; x_wconf 93' lang='lat' dir='ltr'>D,</span> <span class='ocrx_word' id='word_1_255' title='bbox 453 2046 491 2085; x_wconf 79' lang='lat' dir='ltr'><strong>Gr</strong></span> <span class='ocrx_word' id='word_1_256' title='bbox 533 2060 641 2086; x_wconf 90' lang='lat' dir='ltr'><strong>non</strong></span> <span class='ocrx_word' id='word_1_257' title='bbox 685 2050 818 2085; x_wconf 90' lang='lat' dir='ltr'><strong>sunt</strong></span> <span class='ocrx_word' id='word_1_258' title='bbox 866 2046 1050 2096; x_wconf 88' lang='lat' dir='ltr'><strong>igitur</strong></span> <span class='ocrx_word' id='word_1_259' title='bbox 1100 2046 1319 2085; x_wconf 90' lang='lat' dir='ltr'><strong>directi</strong></span> <span class='ocrx_word' id='word_1_260' title='bbox 1369 2045 1563 2085; x_wconf 88' lang='lat' dir='ltr'><strong>fontes</strong></span> <span class='ocrx_word' id='word_1_261' title='bbox 1613 2059 1689 2083; x_wconf 93' lang='lat' dir='ltr'><strong>co-</strong></span> 
     </span>
     <span class='ocr_line' id='line_1_30' title="bbox 130 2108 389 2151; baseline 0.019 -5"><span class='ocrx_word' id='word_1_262' title='bbox 130 2108 277 2150; x_wconf 89' lang='lat' dir='ltr'><strong>dicis</strong></span> <span class='ocrx_word' id='word_1_263' title='bbox 309 2110 389 2151; x_wconf 84' lang='grc'><strong>01·.</strong></span> 
     </span>
    </p>

    <p class='ocr_par' dir='ltr' id='par_1_8' title="bbox 128 2177 1691 2611">
     <span class='ocr_line' id='line_1_31' title="bbox 258 2177 1688 2228; baseline -0.002 -12"><span class='ocrx_word' id='word_1_264' title='bbox 258 2177 449 2216; x_wconf 87' lang='lat' dir='ltr'><strong>Restant</strong></span> <span class='ocrx_word' id='word_1_265' title='bbox 479 2178 647 2217; x_wconf 84' lang='lat' dir='ltr'><strong>codices</strong></span> <span class='ocrx_word' id='word_1_266' title='bbox 689 2178 747 2228; x_wconf 90' lang='lat' dir='ltr'>A,</span> <span class='ocrx_word' id='word_1_267' title='bbox 789 2178 849 2224; x_wconf 94' lang='lat' dir='ltr'><strong>M,</strong></span> <span class='ocrx_word' id='word_1_268' title='bbox 893 2177 945 2226; x_wconf 90' lang='lat' dir='ltr'><strong>V,</strong></span> <span class='ocrx_word' id='word_1_269' title='bbox 984 2177 1039 2227; x_wconf 89' lang='lat' dir='ltr'>U,</span> <span class='ocrx_word' id='word_1_270' title='bbox 1080 2178 1137 2228; x_wconf 84' lang='lat' dir='ltr'>E,</span> <span class='ocrx_word' id='word_1_271' title='bbox 1177 2178 1230 2216; x_wconf 82' lang='lat' dir='ltr'><strong>R.</strong></span> <span class='ocrx_word' id='word_1_272' title='bbox 1272 2177 1333 2216; x_wconf 83' lang='lat' dir='ltr'><strong>Ut</strong></span> <span class='ocrx_word' id='word_1_273' title='bbox 1364 2189 1688 2227; x_wconf 85' lang='lat' dir='ltr'><strong>cognoscamus,</strong></span> 
     </span>
     <span class='ocr_line' id='line_1_32' title="bbox 129 2241 1688 2295; baseline 0 -16"><span class='ocrx_word' id='word_1_274' title='bbox 129 2241 307 2291; x_wconf 87' lang='lat' dir='ltr'><strong>quinam</strong></span> <span class='ocrx_word' id='word_1_275' title='bbox 338 2243 453 2282; x_wconf 90' lang='lat' dir='ltr'><strong>inter</strong></span> <span class='ocrx_word' id='word_1_276' title='bbox 483 2257 553 2283; x_wconf 89' lang='lat' dir='ltr'><strong>eos</strong></span> <span class='ocrx_word' id='word_1_277' title='bbox 584 2248 627 2283; x_wconf 90' lang='lat' dir='ltr'><strong>et</strong></span> <span class='ocrx_word' id='word_1_278' title='bbox 659 2242 715 2282; x_wconf 88' lang='grc'><strong>01·</strong></span> <span class='ocrx_word' id='word_1_279' title='bbox 743 2257 880 2283; x_wconf 80' lang='lat' dir='ltr'><strong>nexus</strong></span> <span class='ocrx_word' id='word_1_280' title='bbox 920 2244 1193 2294; x_wconf 87' lang='lat' dir='ltr'><strong>intercedat,</strong></span> <span class='ocrx_word' id='word_1_281' title='bbox 1235 2242 1555 2295; x_wconf 85' lang='lat' dir='ltr'><strong>comparandae</strong></span> <span class='ocrx_word' id='word_1_282' title='bbox 1586 2246 1688 2280; x_wconf 89' lang='lat' dir='ltr'><strong>sunt</strong></span> 
     </span>
     <span class='ocr_line' id='line_1_33' title="bbox 130 2305 1689 2349; baseline 0.001 -5"><span class='ocrx_word' id='word_1_283' title='bbox 130 2305 338 2347; x_wconf 88' lang='lat' dir='ltr'><strong>lectiones</strong></span> <span class='ocrx_word' id='word_1_284' title='bbox 370 2309 532 2348; x_wconf 89' lang='lat' dir='ltr'><strong>codicis</strong></span> <span class='ocrx_word' id='word_1_285' title='bbox 564 2308 621 2348; x_wconf 83' lang='lat' dir='ltr'><strong>Cr</strong></span> <span class='ocrx_word' id='word_1_286' title='bbox 641 2323 739 2348; x_wconf 89' lang='lat' dir='ltr'><strong>cum</strong></span> <span class='ocrx_word' id='word_1_287' title='bbox 760 2309 1019 2349; x_wconf 88' lang='lat' dir='ltr'><strong>lectionibus</strong></span> <span class='ocrx_word' id='word_1_288' title='bbox 1041 2309 1196 2349; x_wconf 89' lang='lat' dir='ltr'><strong>horum</strong></span> <span class='ocrx_word' id='word_1_289' title='bbox 1218 2309 1439 2348; x_wconf 87' lang='lat' dir='ltr'><strong>librorum.</strong></span> <span class='ocrx_word' id='word_1_290' title='bbox 1470 2308 1567 2346; x_wconf 90' lang='lat' dir='ltr'><strong>Non</strong></span> <span class='ocrx_word' id='word_1_291' title='bbox 1584 2312 1689 2345; x_wconf 88' lang='lat' dir='ltr'><strong>sunt</strong></span> 
     </span>
     <span class='ocr_line' id='line_1_34' title="bbox 130 2372 1691 2427; baseline 0.001 -19"><span class='ocrx_word' id='word_1_292' title='bbox 130 2374 275 2412; x_wconf 87' lang='lat' dir='ltr'><strong>tamen</strong></span> <span class='ocrx_word' id='word_1_293' title='bbox 305 2374 628 2427; x_wconf 88' lang='lat' dir='ltr'><strong>discrepantiae</strong></span> <span class='ocrx_word' id='word_1_294' title='bbox 658 2374 959 2414; x_wconf 87' lang='lat' dir='ltr'><strong>tantummodo</strong></span> <span class='ocrx_word' id='word_1_295' title='bbox 999 2374 1321 2423; x_wconf 87' lang='lat' dir='ltr'><strong>numerandae,</strong></span> <span class='ocrx_word' id='word_1_296' title='bbox 1363 2373 1406 2411; x_wconf 90' lang='lat' dir='ltr'><strong>id</strong></span> <span class='ocrx_word' id='word_1_297' title='bbox 1444 2372 1557 2423; x_wconf 89' lang='lat' dir='ltr'><strong>quod</strong></span> <span class='ocrx_word' id='word_1_298' title='bbox 1588 2372 1691 2410; x_wconf 86' lang='lat' dir='ltr'><strong>Pas-</strong></span> 
     </span>
     <span class='ocr_line' id='line_1_35' title="bbox 128 2436 1689 2493; baseline -0.001 -18"><span class='ocrx_word' id='word_1_299' title='bbox 128 2439 282 2478; x_wconf 84' lang='lat' dir='ltr'><strong>sowioz</strong></span> <span class='ocrx_word' id='word_1_300' title='bbox 312 2439 438 2491; x_wconf 86' lang='lat' dir='ltr'><strong>fecit,</strong></span> <span class='ocrx_word' id='word_1_301' title='bbox 469 2441 545 2479; x_wconf 87' lang='lat' dir='ltr'><strong>sed</strong></span> <span class='ocrx_word' id='word_1_302' title='bbox 574 2440 892 2493; x_wconf 87' lang='lat' dir='ltr'><strong>ponderandae.</strong></span> <span class='ocrx_word' id='word_1_303' title='bbox 936 2440 1028 2486; x_wconf 77' lang='lat' dir='ltr'><strong>Qua</strong></span> <span class='ocrx_word' id='word_1_304' title='bbox 1070 2440 1115 2478; x_wconf 88' lang='lat' dir='ltr'><strong>in</strong></span> <span class='ocrx_word' id='word_1_305' title='bbox 1145 2453 1189 2478; x_wconf 87' lang='lat' dir='ltr'><strong>re</strong></span> <span class='ocrx_word' id='word_1_306' title='bbox 1222 2438 1448 2492; x_wconf 88' lang='lat' dir='ltr'><strong>praecipui</strong></span> <span class='ocrx_word' id='word_1_307' title='bbox 1479 2436 1689 2476; x_wconf 82' lang='lat' dir='ltr'><strong>momenti</strong></span> 
     </span>
     <span class='ocr_line' id='line_1_36' title="bbox 131 2502 1690 2556; baseline 0 -16"><span class='ocrx_word' id='word_1_308' title='bbox 131 2507 232 2542; x_wconf 87' lang='lat' dir='ltr'><strong>sunt</strong></span> <span class='ocrx_word' id='word_1_309' title='bbox 263 2504 430 2556; x_wconf 86' lang='lat' dir='ltr'><strong>aliquot</strong></span> <span class='ocrx_word' id='word_1_310' title='bbox 459 2505 566 2555; x_wconf 90' lang='lat' dir='ltr'><strong>loci,</strong></span> <span class='ocrx_word' id='word_1_311' title='bbox 598 2505 642 2543; x_wconf 92' lang='lat' dir='ltr'><strong>in</strong></span> <span class='ocrx_word' id='word_1_312' title='bbox 672 2505 831 2556; x_wconf 90' lang='lat' dir='ltr'><strong>quibus</strong></span> <span class='ocrx_word' id='word_1_313' title='bbox 861 2505 962 2544; x_wconf 88' lang='lat' dir='ltr'><strong>libri</strong></span> <span class='ocrx_word' id='word_1_314' title='bbox 991 2504 1280 2556; x_wconf 88' lang='lat' dir='ltr'><strong>manuscripti</strong></span> <span class='ocrx_word' id='word_1_315' title='bbox 1312 2504 1425 2541; x_wconf 88' lang='lat' dir='ltr'><strong>inter</strong></span> <span class='ocrx_word' id='word_1_316' title='bbox 1446 2516 1489 2540; x_wconf 90' lang='lat' dir='ltr'><strong>se</strong></span> <span class='ocrx_word' id='word_1_317' title='bbox 1511 2502 1690 2553; x_wconf 85' lang='lat' dir='ltr'><strong>gravius</strong></span> 
     </span>
     <span class='ocr_line' id='line_1_37' title="bbox 130 2568 746 2611; baseline 0.005 -5"><span class='ocrx_word' id='word_1_318' title='bbox 130 2568 395 2611; x_wconf 87' lang='lat' dir='ltr'><strong>discordant.</strong></span> <span class='ocrx_word' id='word_1_319' title='bbox 427 2571 538 2611; x_wconf 85' lang='lat' dir='ltr'><strong>Sunt</strong></span> <span class='ocrx_word' id='word_1_320' title='bbox 567 2571 649 2611; x_wconf 91' lang='lat' dir='ltr'><strong>loci</strong></span> <span class='ocrx_word' id='word_1_321' title='bbox 679 2572 746 2611; x_wconf 92' lang='lat' dir='ltr'><strong>hi:</strong></span> 
     </span>
    </p>
   </div>
   <div class='ocr_carea' id='block_1_3' title="bbox 131 2635 389 2644">
    <p class='ocr_par' dir='ltr' id='par_1_9' title="bbox 131 2635 389 2644">
     <span class='ocr_line' id='line_1_38' title="bbox 131 2635 389 2644; baseline 0 450"><span class='ocrx_word' id='word_1_322' title='bbox 131 2635 389 2644; x_wconf 95' lang='lat' dir='ltr'><strong> </strong></span> 
     </span>
    </p>
   </div>
   <div class='ocr_carea' id='block_1_4' title="bbox 130 2655 1690 2745">
    <p class='ocr_par' dir='ltr' id='par_1_10' title="bbox 130 2655 1690 2745">
     <span class='ocr_line' id='line_1_39' title="bbox 263 2655 1690 2700; baseline -0.005 -9"><span class='ocrx_word' id='word_1_323' title='bbox 263 2658 287 2696; x_wconf 81' lang='lat'><strong>¹)</strong></span> <span class='ocrx_word' id='word_1_324' title='bbox 311 2659 477 2691; x_wconf 86' lang='lat' dir='ltr'><strong>Adhibeo</strong></span> <span class='ocrx_word' id='word_1_325' title='bbox 500 2661 610 2690; x_wconf 83' lang='lat' dir='ltr'><strong>notas</strong></span> <span class='ocrx_word' id='word_1_326' title='bbox 634 2659 784 2700; x_wconf 85' lang='lat' dir='ltr'><strong>Lejayi,</strong></span> <span class='ocrx_word' id='word_1_327' title='bbox 820 2669 913 2699; x_wconf 83' lang='lat' dir='ltr'><strong>quae</strong></span> <span class='ocrx_word' id='word_1_328' title='bbox 944 2658 1047 2688; x_wconf 90' lang='lat' dir='ltr'><strong>nulla</strong></span> <span class='ocrx_word' id='word_1_329' title='bbox 1078 2656 1210 2688; x_wconf 86' lang='lat' dir='ltr'><strong>idonea</strong></span> <span class='ocrx_word' id='word_1_330' title='bbox 1246 2665 1358 2687; x_wconf 83' lang='lat' dir='ltr'><strong>causa</strong></span> <span class='ocrx_word' id='word_1_331' title='bbox 1391 2666 1411 2685; x_wconf 82' lang='lat' dir='ltr'><strong>a</strong></span> <span class='ocrx_word' id='word_1_332' title='bbox 1444 2655 1578 2686; x_wconf 84' lang='lat' dir='ltr'><strong>Beckio</strong></span> <span class='ocrx_word' id='word_1_333' title='bbox 1613 2664 1690 2684; x_wconf 85' lang='lat' dir='ltr'><strong>mu-</strong></span> 
     </span>
     <span class='ocr_line' id='line_1_40' title="bbox 130 2711 354 2745; baseline 0.027 -5"><span class='ocrx_word' id='word_1_334' title='bbox 130 2711 232 2744; x_wconf 87' lang='lat' dir='ltr'><strong>tatae</strong></span> <span class='ocrx_word' id='word_1_335' title='bbox 256 2717 354 2745; x_wconf 85' lang='lat' dir='ltr'><strong>sunt.</strong></span> 
     </span>
    </p>
   </div>
  </div>
 </body>
</html>
